2666 3437
939 774 1045 847 De
1092 772 1361 891 'Helena
1417 775 1565 848 dea.

1160 925 1374 954 *HC-3«—

370 1023 456 1097 De
486 1060 661 1108 Helena,
704 1060 885 1098 numinis
915 1060 1004 1099 loco
1032 1060 1159 1098 multo
1187 1067 1275 1099 ante
1304 1060 1469 1109 habita,
1512 1072 1630 1112 quam
1658 1060 1835 1100 Helenae
1862 1062 2050 1102 mortalis
2079 1060 2267 1102 mulieris

245 1123 441 1162 Homerus
479 1123 735 1162 clarissimus
770 1137 916 1174 praeco
946 1124 1124 1172 exstitit,
1164 1125 1220 1161 ita
1252 1124 1462 1175 disputare
1499 1124 1603 1161 mihi
1630 1124 1674 1161 in
1702 1125 1837 1163 animo
1865 1132 1945 1174 est,
1985 1132 2029 1164 ut
2058 1128 2264 1168 collectis»

247 1199 348 1236 quae
376 1187 420 1224 in
449 1186 630 1237 antiquis
658 1187 810 1226 fabulis
838 1187 1119 1237 inveniuntur,
1149 1185 1353 1236 vestigiis,
1382 1197 1578 1237 quaenam
1605 1185 1704 1225 deae
1732 1186 1930 1239 primaria
1955 1187 2019 1228 vis
2047 1202 2094 1229 ac
2122 1195 2266 1230 natura

243 1250 377 1297 fuerit,
407 1257 685 1295 cognoscatur.

349 1314 405 1352 Ab
436 1313 498 1353 eis
527 1313 718 1365 loquendi
746 1313 909 1353 initium
937 1313 1069 1367 facio,
1107 1326 1208 1365 quae
1244 1314 1291 1352 de
1327 1327 1474 1365 genere
1502 1314 1679 1354 Helenae
1717 1316 1823 1367 apud
1852 1323 2009 1356 veteres
2039 1319 2263 1370 scriptores

245 1378 446 1427 leguntur,
480 1379 627 1428 quibus
655 1384 797 1417 natura
823 1379 1050 1431 plusquam
1078 1379 1252 1418 bumana
1278 1376 1507 1426 significari
1532 1376 1726 1418 videatur.
1782 1380 1938 1418 Patrem
1966 1380 2073 1419 enim
2089 1381 2266 1421 Helenae

242 1442 436 1479 Homerus
451 1442 584 1493 ipsum
598 1445 749 1491 Jovem,
776 1443 940 1480 deornm
967 1442 1210 1493 principem,
1237 1442 1419 1493 pluribus
1447 1441 1553 1480 locis
1582 1443 1790 1494 praedicat
1812 1440 1871 1493 ²),
1906 1449 2074 1483 matrem
2102 1445 2265 1494 Ledam,

241 1506 390 1545 fratres
407 1506 543 1545 eadem
558 1512 682 1546 matre
703 1514 814 1547 ortos
828 1507 1138 1546 illustrissimos
1157 1507 1253 1546 illos
1271 1507 1417 1546 heroas
1430 1508 1636 1545 Castorem
1651 1513 1689 1544 et
1699 1508 1901 1545 Pollucem
1931 1506 1984 1558 ⁸),
2014 1509 2083 1558 qui
2100 1510 2264 1548 etiamsi

242 1569 410 1609 summis
452 1582 500 1609 ac
539 1570 691 1610 divinis
732 1571 817 1610 fere
852 1570 1076 1611 honoribus
1104 1584 1128 1610 a
1153 1572 1248 1610 Jove
1281 1570 1416 1610 affecti
1452 1576 1685 1617 cernantur,
1723 1572 1898 1610 Helenae
1936 1568 2069 1611 tamen
2097 1574 2266 1622 generis

242 1633 426 1672 claritate
454 1647 500 1672 eo
528 1634 745 1674 inferiores
774 1640 883 1683 sunt,
926 1636 1030 1685 quod
1059 1647 1182 1685 aeque
1211 1646 1257 1673 ac
1284 1635 1602 1685 Clytaemnestra
1629 1646 1747 1673 soror
1780 1632 1818 1686 ¹)
1847 1648 1927 1674 non
1954 1638 2069 1684 Jove,
2107 1649 2263 1676 summo

241 1697 403 1736 deorum
433 1704 472 1736 et
499 1696 703 1736 hominum
729 1704 868 1750 patre,
898 1699 969 1737 sed
997 1699 1207 1748 Tyndareo
1235 1698 1421 1745 homine,
1451 1699 1625 1749 Spartae
1653 1711 1769 1748 rege,
1800 1699 1885 1737 nati
1913 1701 2178 1751 perhibentur
2208 1699 2263 1752 ⁴).

242 1762 338 1800 Cum
357 1762 530 1801 Homero
543 1762 774 1813 'scriptores
798 1769 927 1801 aetate
945 1763 1199 1814 posteriores
1221 1767 1318 1800 teste
1339 1762 1539 1800 Pausania
1562 1760 1599 1811 ⁸)
1623 1762 1678 1801 ita
1698 1763 2016 1813 consentiebant,
2055 1770 2098 1803 ut
2121 1777 2259 1805 omnes

240 1838 318 1864 uno
347 1840 415 1865 ore
447 1829 581 1866 Jovem
602 1829 778 1867 Helenae
798 1828 1021 1876 genitorem
1039 1827 1329 1877 significarent.
1385 1826 1581 1864 Similiter
1606 1828 1655 1864 ab
1675 1827 1860 1865 omnibus
1882 1829 2026 1866 Castor
2059 1834 2098 1866 et
2117 1829 2260 1867 Pollux

240 1890 387 1930 fratres
406 1891 729 1942 nominabantur,
753 1891 875 1943 idque
886 1891 1135 1942 justissime,
1164 1903 1281 1942 quum
1306 1895 1398 1942 post
1421 1891 1635 1930 Homerum
1656 1905 1735 1929 non
1751 1890 1880 1930 solum
1896 1906 1945 1930 ex
1964 1892 2100 1930 eadem
2120 1898 2262 1939 matre,

241 1954 315 1991 sed
340 1955 460 1993 etiam
489 1969 538 1993 ex
567 1956 719 2003 eodem,
748 1968 825 2006 quo
856 1955 1023 2004 Helena,
1050 1957 1143 1994 Jove
1173 1960 1285 2007 patre
1310 1953 1392 1991 nati
1422 1965 1514 1992 esse
1542 1954 1799 1992 crederentur
1823 1954 1995 2005 ideoque
2020 1955 2258 2005 cognomine

238 2016 493 2069 Διοσκούρων,
507 2018 618 2057 Jovis
631 2019 822 2067 filiorum,
836 2018 1027 2065 insignes
1044 2024 1181 2057 essent
1198 2015 1251 2069 ⁸).
1277 2019 1403 2055 Mater
1411 2017 1489 2055 etsi
1504 2017 1745 2068 aplerisque
1761 2017 1868 2056 Leda
1885 2018 2023 2055 eadem
2039 2018 2258 2067 dicebatur,

241 2087 354 2119 erant
381 2086 529 2130 tamen,
558 2082 627 2133 qui
655 2083 702 2121 ab
730 2081 796 2121 his
825 2082 1108 2130 dissentirent,
1142 2094 1263 2132 quum
1287 2080 1476 2132 permulti
1505 2081 1740 2132 Cypriorum
1769 2095 1869 2131 quae
1898 2082 2085 2119 dicuntur
2112 2082 2254 2119 carmi-

239 2156 334 2182 num
362 2146 601 2198 scriptorem
636 2144 674 2199 ⁷]
704 2153 921 2198 sequentes
957 2160 1005 2185 ex
1033 2146 1215 2196 Nemesi,
1244 2145 1390 2185 Oceani
1425 2145 1512 2185 filia
1546 2143 1600 2196 ⁸),
1642 2158 1746 2184 unus
1782 2145 1984 2185 Hesiodus
2020 2143 2058 2197 ⁰)
2089 2159 2137 2184 ex
2173 2146 2255 2185 alia

242 2208 411 2257 quadam
439 2210 671 2249 Oceanitide
701 2211 894 2249 Helenam
933 2216 1173 2262 prognatam
1207 2222 1297 2248 esse
1333 2209 1496 2248 vellent.
1550 2211 1759 2248 Postremo
1794 2209 1870 2247 hae
1912 2209 2166 2248 narrationes
2206 2209 2256 2247 de

239 2271 416 2313 Helenae
444 2280 571 2314 matre
598 2275 706 2314 inter
734 2288 779 2315 se
807 2275 1101 2315 dissentientes
1130 2275 1369 2325 eaedemque
1397 2272 1568 2313 maxime
1596 2273 1799 2324 vulgares,
1828 2279 1869 2311 ut
1897 2273 1940 2311 in
1967 2273 2117 2312 sabulis
2136 2285 2258 2325 saepe

239 2336 387 2374 factum
414 2350 507 2377 esse
537 2344 706 2389 constat,
735 2340 793 2378 ita
820 2340 1013 2379 confusae
1040 2345 1158 2387 sunt,
1194 2345 1238 2378 ut
1265 2338 1369 2376 Leda
1402 2338 1485 2386 illa,
1504 2350 1586 2376 non
1614 2343 1755 2384 mater,
1792 2337 1864 2376 sed
1900 2338 2034 2375 nutrix
2063 2337 2255 2385 Helenae,

240 2400 400 2438 Nemesi
427 2407 552 2441 matre
581 2408 713 2452 natae,
741 2403 944 2443 (liceretur
965 2400 1034 2455 ¹⁰).
1072 2405 1246 2442 Prorsus
1265 2407 1394 2440 autem
1412 2400 1583 2439 mirifica
1602 2407 1719 2452 atque
1737 2401 1997 2440 incredibilia
2015 2401 2063 2440 de
2080 2402 2257 2441 Helenae

323 2513 353 2554 1)
377 2513 471 2547 nom.
493 2515 531 2547 11.
554 2515 610 2548 111.
636 2518 717 2548 418:
742 2507 904 2562 ,Ἑλένῃ
918 2509 1008 2554 Δὶος
1021 2507 1265 2560 ἐκγεγαυῖα.“
1292 2515 1346 2547 cfr.
1358 2515 1413 2556 111,
1425 2516 1496 2548 426.
1510 2515 1571 2548 oa.
1584 2515 1640 2555 lv,
1654 2516 1730 2556 184;
1754 2516 1824 2547 569.
1848 2534 1888 2539 -
1911 2516 2256 2558 2)}10m.11111‚238.

245 2565 275 2607 3)
299 2565 394 2597 Hom.
418 2566 480 2599 Οᾱ.
504 2567 631 2609 XXIV,
655 2571 725 2602 199.
750 2590 790 2595 -
813 2572 844 2613 4)
867 2570 962 2603 Hom.
987 2571 1049 2603 Od.
1071 2570 1131 2611 XI,
1153 2571 1216 2602 298
1239 2578 1328 2611 seqq.
1350 2588 1392 2593 —
1414 2570 1444 2611 5)
1466 2569 1604 2601 Pausan.
1626 2569 1650 2608 Ι,
1674 2570 1723 2608 33,
1747 2571 1775 2600 7.
1799 2588 1839 2592 —-
1862 2570 1892 2611 6)
1916 2569 2027 2602 Schol.
2049 2569 2144 2601 Pind.
2164 2570 2261 2602 Nem.

240 2619 283 2658 X,
306 2620 377 2651 150.
421 2619 515 2653 Hom.
538 2622 650 2664 hymn.
673 2623 766 2664 XVI,
789 2624 951 2656 XXXIII.
975 2643 1015 2648 -
1039 2625 1068 2665 7)
1092 2624 1147 2656 cfr.
1160 2623 1219 2667 frg.
1232 2621 1319 2664 apud
1339 2622 1460 2654 Athen.
1473 2622 1561 2660 VIII,
1585 2622 1654 2661 334,
1679 2621 1714 2653 C.
1735 2631 1826 2664 seqq.
1851 2641 1890 2645 —
1913 2623 1944 2664 8)
1967 2621 2258 2664 Pausan.1‚33,3;

240 2670 312 2711 VII,
336 2672 364 2711 5,
388 2672 416 2703 3.
460 2690 502 2697 —-
545 2675 576 2716 9)
599 2675 733 2707 Hesiod.
767 2676 855 2718 apud
887 2676 1004 2708 schol..
1022 2676 1064 2707 ad
1093 2675 1188 2708 Pind.
1222 2676 1313 2708 Nem.
1344 2675 1387 2716 Χ,
1422 2676 1482 2708 150
1515 2674 1703 2718 (Goettling.
1734 2674 1871 2707 Hesiodi
1901 2684 2031 2708 carmin.
2063 2676 2100 2708 fr.
2131 2678 2195 2721 51).
2218 2696 2258 2702 —

239 2735 291 2777 10)
314 2734 453 2767 Pausan.
476 2735 500 2775 1,
524 2737 573 2777 33,
599 2740 634 2771 7:
671 2730 804 2784 Ἑλέηη
833 2733 1005 2781 Νέμεσιν
1029 2734 1179 2784 μητέρα
1209 2727 1310 2771 εἶναι
1336 2730 1511 2782 λέγουσιν
1524 2729 1717 2784 ““Ελληνες,
1757 2729 1898 2784 Λήδαν
1925 2730 1966 2771 δὲ
1993 2731 2147 2782 μαστὸν
2180 2730 2259 2771 ἐπι-

239 2795 348 2840 σχεῖν
375 2787 476 2845 αὐτῇ
501 2794 574 2832 καί
595 2796 763 2847 θρέψαι·
778 2798 933 2847 πατέρα
962 2797 1003 2836 δέ
1029 2795 1100 2836 καί
1124 2790 1230 2837 οὗτοι
1256 2796 1323 2836 καὶ
1356 2794 1501 2842 πάντες
1528 2794 1632 2835 κατὰ
1660 2793 1785 2835 ταῦτα
1800 2795 1989 2851 ’Έλληνες
2015 2800 2090 2836 Δία
2118 2800 2192 2836 καί
2214 2793 2260 2837 οὗ

241 2852 474 2905 Τυνδάρεων
501 2852 604 2895 εἶναι
631 2859 836 2910 νομίζουσι.
865 2867 957 2900 idem
979 2868 1163 2901 fabularum
1184 2869 1358 2912 scriptores
1388 2869 1492 2912 egisse
1514 2868 1712 2911 putaverim,
1737 2878 1837 2912 quum
1868 2868 1996 2910 Ledae⁷
2020 2873 2097 2912 post
2120 2876 2259 2903 mortem

238 2915 272 2947 in
295 2915 433 2948 concilio
457 2917 649 2951 coelestium
671 2921 863 2961 collocatae,
885 2920 1017 2953 Nemesi
1039 2931 1159 2954 nomen
1181 2921 1370 2963 impositum
1392 2930 1463 2953 esse
1485 2921 1654 2963 fingerent.
1698 2921 1754 2953 cfr.
1778 2921 1923 2955 Laetam.
1943 2922 2059 2954 Institt.
2084 2923 2149 2955 div.
2171 2923 2193 2963 1,
2207 2924 2257 2955 21.

238 2968 353 3013 Pauly,
376 2969 628 3015 Realencyclop.
653 2975 718 3006 vol.
742 2974 800 3017 IV,
823 2984 897 3018 pag.
920 2975 991 3008 846.

1927 3034 1942 3063 1
