2666 3437
1310 127 1337 170 5

318 285 440 324 spero
479 269 738 323 perspicuum
776 270 875 307 sore.
943 270 1053 321 Quae
1091 281 1211 319 quum
1245 271 1304 309 ita
1342 270 1447 319 sint,
1488 269 1567 309 etsi
1600 269 1740 308 multis
1768 269 1842 307 illa
1874 270 2037 320 opinio,
2076 282 2154 320 qua
2183 270 2334 307 Helena

316 335 501 375 Nemesis
542 334 630 373 filia
679 333 1002 381 esseserebatur‚
1053 345 1169 382 qnam
1210 332 1382 372 maxime
1418 332 1645 384 probabilis
1681 340 1898 384 propterea
1933 340 2040 379 erat,
2081 340 2123 371 ut
2162 334 2333 378 Helena,

315 414 339 439 a
365 399 508 439 Paride
536 399 581 438 in
610 410 722 437 suam
753 402 791 435 et
819 396 964 435 civium
984 396 1206 448 perniciem
1234 402 1366 449 rapta,
1393 402 1580 447 tanquam
1611 397 1739 435 altera
1760 396 1942 435 Nemesis
1973 397 2135 444 Trojam
2165 397 2329 435 venisse

316 469 355 501 et
383 464 567 502 Nemesis
596 474 758 499 munere
785 464 975 508 fungens.
992 461 1266 499 contumaciae
1295 462 1620 510 insolentiaeque
1647 474 1802 511 poenas
1830 474 1853 498 a
1872 461 2061 508 Trojauis
2091 461 2328 511 repetivisse

315 527 515 566 videretur
541 524 593 578 ¹),
621 531 754 565 tameu
782 538 914 563 veram
942 538 1118 573 causam,
1148 539 1219 565 cur
1247 526 1400 565 Helena
1419 525 1602 565 Nemesis
1629 525 1716 563 filia
1735 526 1840 563 facta
1868 525 1937 572 sit,
1965 537 2045 563 non
2068 538 2154 563 eam
2184 524 2336 572 fuisse,

316 590 388 628 sed
409 603 457 627 ex
476 590 605 627 altera
622 589 697 626 illa
715 589 899 626 Nemesis
921 588 960 624 vi
979 600 1025 626 ac
1040 588 1214 636 ratione,
1242 601 1319 638 qua
1337 589 1389 627 ad
1410 589 1582 627 Veneris
1602 588 1778 626 indolem
1802 599 1917 638 quam
1938 588 2118 639 proxime
2138 589 2332 626 accedere

316 653 509 700 videatur,
540 658 666 690 ortam
697 656 734 688 et
764 652 983 701 profectam
1012 663 1105 689 esse
1134 663 1221 688 cum
1237 652 1414 689 Prellero
1449 650 1503 701 ²),
1532 652 1618 689 viro
1646 650 1899 699 doctissimo,
1928 662 2164 701 persuasum
2192 648 2333 688 habeo.

315 716 461 754 Mirum
484 715 590 753 enim
619 719 727 752 recte
746 713 963 760 videretur,
992 714 1031 753 si
1060 714 1240 753 carmina
1267 715 1341 754 illa
1366 715 1523 767 Cypria,
1554 715 1605 754 ad
1623 714 1793 753 Veneris
1822 714 1921 753 deae
1943 714 2113 766 Cypriae
2142 713 2329 752 eximiam

316 781 472 818 landem
502 779 692 824 condita,
732 790 851 826 quum
877 778 1010 827 prima
1039 779 1233 815 Helenam
1271 779 1454 816 Nemesis
1493 778 1618 814 filiam
1645 777 1869 823 fingerent,
1905 776 1946 812 id
1985 776 2123 823 egisse
2151 776 2329 826 putanda

317 847 471 891 essent,
498 847 555 889 ut,
577 840 646 890 qui
665 840 850 879 homines
868 853 1022 879 summa
1041 840 1214 879 Veneris
1234 840 1370 880 Gratia
1397 841 1597 889 florerent,
1625 840 1702 878 hoc
1722 840 1816 890 ipso
1840 839 1986 889 dignos
2016 851 2108 877 esse
2136 839 2332 886 dicerent,

316 918 417 958 quos
446 904 629 944 Nemesis
658 903 732 942 dea
761 903 1041 943 acerbissimis
1070 903 1219 956 poenis
1248 905 1440 946 afficeret.

421 972 567 1008 Verum
596 968 750 1006 nullum
773 968 857 1016 jam
885 968 1130 1006 dubitationi
1158 968 1288 1008 locum
1316 968 1568 1020 relinquunt,
1612 982 1710 1020 quae
1750 968 1800 1007 de
1829 967 1989 1008 Nemesi
2019 973 2056 1007 et
2084 968 2334 1007 Rhamnusia

316 1040 355 1073 et
383 1037 601 1085 Smyrnaea
627 1032 844 1070 memoriae
871 1031 1033 1083 prodita
1062 1037 1167 1071 sunt.
1224 1034 1318 1071 Nam
1337 1033 1607 1078 Rhamnunte,
1636 1033 1704 1083 qui
1725 1032 1838 1071 vicus
1867 1031 2021 1071 Atticae
2049 1044 2073 1070 a
2091 1031 2332 1070 Marathone

317 1099 527 1148 sexaginta
569 1097 701 1135 stadia
743 1097 943 1143 distabat,
985 1097 1055 1134 ubi
1105 1109 1259 1135 summa
1296 1099 1482 1136 Nemesis
1518 1098 1775 1134 veneratione
1813 1097 2038 1144 colebatur,
2082 1110 2131 1132 ex
2173 1096 2334 1132 Nemesi

318 1161 510 1201 Helenam
539 1165 672 1200 natam
710 1170 801 1199 esse
837 1159 932 1211 plus
961 1159 1086 1199 solito
1115 1166 1306 1200 constans
1333 1174 1380 1200 ac
1407 1159 1588 1210 vulgaris
1627 1158 1804 1197 narratio
1832 1164 1939 1206 erat,
1973 1164 2012 1197 et
2039 1158 2083 1197 in
2111 1158 2200 1197 basi
2228 1155 2332 1195 Rha-

317 1225 500 1264 mnusiae
529 1224 626 1262 deae
642 1223 768 1274 signi,
796 1223 952 1262 illustri
986 1222 1105 1262 laude
1130 1224 1337 1273 celebrati,
1365 1225 1423 1265 ita
1450 1226 1652 1280 descripta
1683 1227 1836 1266 Helena
1864 1227 2211 1280 conspiciebatur,
2239 1233 2281 1265 ut
2310 1240 2334 1265 a

316 1291 424 1329 Leda
452 1289 608 1328 nutrice
637 1289 689 1327 ad
717 1288 907 1327 Nemesin
934 1294 1099 1327 matrem
1128 1289 1273 1327 adduci
1301 1290 1505 1329 videretur
1539 1290 1588 1343 ⁵).
1643 1292 1749 1330 Haec
1777 1298 1909 1330 autem
1938 1292 2116 1330 Nemesis
2133 1292 2335 1330 Rhamnu-

319 1356 384 1394 sia
410 1356 605 1393 Venerem
634 1354 749 1392 deam
779 1366 934 1392 summa
963 1354 1265 1392 necessitudine
1300 1356 1525 1404 contingit,
1563 1356 1667 1406 quod
1705 1361 1745 1393 ut
1773 1355 1915 1406 paucis
1950 1355 2112 1406 planum
2140 1356 2335 1393 faciamus

319 1431 385 1457 res
419 1418 613 1470 postulat.
685 1416 967 1465 praemittam,
1002 1417 1107 1467 quod
1135 1417 1184 1456 de
1214 1418 1321 1468 signi
1355 1419 1598 1458 Rhamnusii
1633 1420 1791 1469 origine
1828 1426 2134 1458 commemoratu
2172 1419 2336 1467 dignum

321 1481 481 1519 Plinius
511 1480 634 1519 tradit
662 1477 715 1531 Ἴ.
771 1481 980 1519 Certamen
1009 1480 1067 1518 ait
1094 1480 1225 1520 fuisse
1254 1484 1488 1532 Agoracrito
1517 1484 1663 1532 Pario,
1704 1483 1874 1523 Phidiae
1903 1483 2048 1522 summi
2077 1482 2247 1521 artificis
2276 1481 2336 1520 di·

320 1545 494 1596 scipulo,
523 1558 611 1583 cum
630 1546 843 1584 Alcamene
872 1545 1118 1584 Atheniense
1147 1546 1191 1583 in
1218 1548 1387 1586 Veneris
1417 1549 1537 1595 signo
1566 1548 1829 1593 fabricand03
1859 1548 1954 1585 huic
1983 1560 2100 1596 quum
2131 1547 2239 1585 cives
2268 1547 2335 1584 sui

317 1608 587 1650 Athenienses
608 1608 829 1661 praemium
846 1607 1107 1658 detulissent,
1128 1609 1417 1661 Agoracritum,
1446 1611 1590 1651 aemuli
1609 1613 1743 1664 palma
1760 1612 2054 1659 exacerbatum,
2081 1624 2195 1650 suam
2210 1612 2336 1648 Vene-

320 1686 403 1711 rem
430 1673 474 1710 in
502 1673 689 1711 Nemesin
718 1673 1011 1712 tranformasse
1046 1670 1097 1723 ⁵).
1155 1673 1268 1724 Quod
1296 1679 1495 1725 utcunque
1525 1687 1568 1713 se
1597 1675 1732 1723 habet,
1760 1675 1845 1712 nisi
1873 1674 1925 1711 ad
1951 1674 2123 1712 Veneris
2152 1680 2335 1711 naturam

320 1736 510 1775 Nemesin
538 1736 719 1787 proxime
739 1736 927 1775 accedere
943 1736 1082 1787 opinio
1099 1737 1262 1785 fuisset,
1277 1751 1325 1776 ne
1339 1739 1440 1788 fingi
1460 1740 1620 1788 quidem
1643 1738 1838 1787 ejusmodi
1863 1738 2133 1776 narrationem
2151 1737 2334 1788 potuisse

321 1804 633 1838 consentaneum
664 1805 738 1838 est.
810 1798 891 1837 Sed
927 1799 1004 1837 hoc
1032 1799 1070 1837 si
1098 1799 1227 1838 levius
1256 1807 1399 1851 putes,
1428 1803 1524 1852 quid
1542 1832 1553 1850 ,
1582 1804 1620 1842 si
1649 1803 1853 1850 Nemesia‚
1883 1802 1952 1851 qui
1980 1802 2077 1840 sesti
2105 1801 2194 1858 dies
2224 1801 2331 1839 Rha-

320 1863 504 1901 mnusiae
533 1863 633 1901 deae
664 1865 900 1911 agebantur,
928 1863 978 1901 ad
1007 1863 1185 1902 hominis
1214 1869 1341 1901 ortum
1370 1871 1409 1902 et
1436 1871 1600 1903 mortem
1631 1878 1711 1903 nnn
1741 1865 1874 1902 miuus
1902 1864 2151 1916 pertinuisse
2183 1863 2332 1915 accipi-

319 1939 408 1966 mus
433 1925 488 1978 Ἴ,
517 1940 634 1977 quam
650 1927 816 1966 duarum
836 1928 1063 1966 Nemesium
1091 1927 1326 1975 sollemnia,
1354 1940 1454 1978 quae
1476 1929 1596 1967 etiam
1625 1929 1849 1967 celebriora
1868 1942 1890 1966 a
1911 1928 2144 1978 Smyrnaeis
2173 1927 2332 1965 institui

319 1991 538 2030 solebant?
568 1990 686 2043 Quid,
715 1990 821 2041 quod
840 1990 1064 2030 Pausanias
1091 1988 1129 2040 ⁷)
1159 1990 1265 2030 alias
1294 1991 1452 2041 quidem
1472 2005 1515 2031 se
1545 1994 1674 2032 alatas
1695 1993 1878 2031 Nemesis
1900 1992 2105 2041 imagines
2133 1992 2335 2040 ignorare,

321 2054 425 2106 apud
446 2056 687 2106 Smyrnaeus
707 2060 849 2102 autem,
877 2067 978 2105 quae
999 2066 1153 2092 summa
1171 2054 1369 2105 religione
1386 2054 1589 2093 alerentur
1609 2055 1743 2105 signa,
1772 2055 1860 2094 alas
1879 2054 2027 2093 habere
2047 2053 2157 2093 dicit.
2213 2053 2334 2101 Cujus

320 2119 380 2156 rei
400 2132 563 2158 causam
584 2121 760 2171 scriptor
779 2120 1125 2169 diligentissimus
1147 2120 1251 2157 hanc
1272 2131 1362 2157 esse
1382 2119 1627 2170 suspicatur,
1646 2119 1750 2169 quod
1772 2132 1918 2156 numen
1938 2117 2042 2156 illud
2062 2117 2110 2155 ad
2131 2124 2331 2154 amatores

320 2181 489 2219 maxime
515 2182 750 2232 pertineret,
778 2182 931 2220 idcirco
960 2181 998 2218 ei
1022 2188 1063 2219 ut
1084 2181 1276 2232 Cupidini
1300 2185 1387 2222 alas
1413 2184 1573 2222 additas
1603 2196 1709 2222 esse.
1763 2186 1887 2221 Porro
1907 2184 1956 2220 ab
1979 2183 2116 2219 eodem
2136 2182 2334 2231 scriptore

319 2243 364 2280 iu
391 2244 486 2282 fauo
516 2245 821 2295 Smyrnaeorum
850 2243 1002 2282 deabus
1032 2243 1172 2283 eodem
1199 2244 1320 2296 plane
1349 2248 1489 2294 modo,
1518 2260 1595 2298 quo
1624 2247 1771 2285 Veneri
1800 2247 1934 2285 solent
1959 2243 2022 2296 ⁸),
2051 2246 2207 2284 Gratias
2235 2244 2334 2283 deas

319 2307 530 2354 adjunctas
560 2320 651 2346 esse
681 2309 864 2346 audimus
899 2306 952 2358 ⁹).
1006 2308 1187 2358 Denique
1225 2315 1264 2346 et
1298 2310 1466 2348 Athenis
1501 2316 1539 2347 et
1576 2311 1765 2360 Smyrnae
1804 2309 1987 2347 Nemesis
2024 2308 2111 2359 pari
2141 2306 2257 2344 modo
2287 2319 2334 2344 ac

318 2373 454 2411 Venus
483 2372 580 2411 deae
600 2373 825 2414 amantium
855 2373 1015 2412 nomine
1044 2373 1228 2421 insignis
1258 2383 1342 2412 erat
1377 2373 1447 2427 η’).

424 2436 471 2472 Et
499 2435 548 2472 de
577 2436 737 2474 Nemesi
766 2437 924 2488 quidem
953 2442 1079 2475 matre
1109 2437 1287 2476 Helenae
1316 2438 1521 2478 hactenus.
1569 2441 1671 2477 Sunt
1696 2444 1902 2490 praeterea
1927 2438 2043 2489 plura
2061 2436 2168 2484 alia„
2187 2435 2334 2486 quibus

322 2500 496 2538 Helenae
528 2505 566 2538 et
592 2501 766 2541 Veneris
795 2502 960 2541 numina
988 2501 1220 2540 arctissimo
1250 2502 1355 2541 inter
1383 2516 1427 2542 se
1452 2504 1611 2542 vinculo
1643 2503 1834 2551 colligata
1861 2515 1952 2541 esse
1983 2501 2057 2540 tibi
2077 2500 2338 2553 persuadeas,

405 2623 434 2664 1)
457 2623 596 2656 Pausan.
619 2625 663 2665 X,
687 2626 736 2666 12,
758 2626 788 2658 2.
813 2626 921 2666 Quint.
945 2626 1072 2667 Smyrn.
1094 2625 1138 2665 X,
1161 2625 1232 2657 287.
1256 2645 1297 2650 —
1318 2628 1348 2669 2)
1371 2626 1471 2659 Prell.
1494 2627 1533 2667 H,
1547 2628 1596 2658 74.
1619 2644 1659 2650 -
1682 2627 1712 2667 3)
1735 2626 1871 2657 Pausan.
1895 2625 1950 2665 111,
1975 2626 2024 2662 10,
2049 2626 2077 2656 7.
2102 2624 2339 2656 Rhamnusium

321 2677 353 2707 in
377 2685 489 2718 agrum
511 2676 633 2709 Jovem
654 2677 687 2709 in
710 2678 794 2721 signi
816 2678 952 2721 figuram
974 2687 1168 2710 conversum
1190 2678 1233 2710 ad
1254 2678 1408 2711 Nemesin
1431 2689 1465 2712 se
1489 2679 1657 2712 demisisse
1675 2678 1806 2710 Cratino
1829 2684 1929 2720 pocta
1950 2683 2081 2710 auctore
2104 2677 2338 2709 Eratosthenes

321 2733 431 2761 narrat
453 2729 687 2769 (Catasterism.
711 2730 822 2771 XXV,
853 2731 886 2762 in
908 2731 1166 2763 Westermanni:
1191 2731 1371 2773 Scriptores
1400 2733 1551 2773 poeticae
1578 2731 1732 2763 historiae
1763 2732 1889 2767 Graeci,
1914 2741 1986 2772 pag.
2011 2732 2093 2771 256.)
2129 2750 2169 2754 --
2202 2732 2233 2771 4)
2257 2731 2337 2761 Hist.

323 2797 387 2823 nat.
410 2791 572 2832 XXXVI,
596 2793 625 2824 4.
648 2811 689 2817 —
712 2794 742 2835 5)
766 2793 843 2826 Alia
865 2797 995 2825 narrant
1015 2793 1155 2826 Pausan.
1177 2793 1201 2835 1,
1225 2795 1276 2835 33,
1299 2796 1335 2837 23
1359 2794 1473 2827 Suidas
1496 2795 1516 2827 i.
1529 2807 1559 2826 v.
1576 2785 1821 2836 Ῥαμνουσιά
1849 2788 2026 2836 Νέμεσις.
2056 2801 2096 2806 -
2119 2782 2338 2824 6)110rmann,

323 2856 470 2888 thottesd
494 2856 633 2887 Alterth.
658 2857 676 2898 g
700 2858 751 2895 48,
775 2858 824 2889 11.
848 2858 937 2889 Suid.
962 2857 981 2888 i.
1005 2868 1035 2888 v.
1080 2851 1267 2899 Νεμέσια.
1296 2859 1434 2891 Veneris
1457 2868 1574 2890 numen
1597 2858 1694 2890 etiam
1718 2858 1760 2889 ad
1782 2862 1920 2890 mortem
1938 2857 2119 2900 pertinere,
2150 2855 2252 2887 fusius
2275 2864 2336 2887 ex-

326 2908 435 2952 posuit
458 2908 647 2948 Creuzerus,
671 2910 819 2952 Symbol.
842 2910 882 2950 ΙΙ,
905 2920 979 2952 pag.
1003 2911 1074 2947 461
1097 2911 1168 2942 478.
1213 2910 1369 2949 ὓθτὴωῃᾱ
1394 2912 1542 2943 Venere—
1545 2911 1751 2952 Proserpina
1775 2911 1904 2942 Fiesole
1928 2912 2019 2942 1826.
2063 2928 2103 2932 —
2147 2910 2177 2949 7)
2200 2908 2330 2940 Pausan

326 2962 348 2995 1.
374 2962 423 3001 33,
447 2962 475 2993 6.
499 2981 539 2986 --
563 2962 594 3003 8)
618 2962 713 2994 Hom.
736 2963 774 2995 11.
797 2963 839 3003 V,
863 2964 941 3003 338,
966 2963 1028 2996 od.
1051 2963 1175 2996 XVIII.
1200 2965 1269 2996 192.
1294 2984 1330 2987 —
1355 2966 1384 3005 9)
1408 2964 1545 2996 PauMan
1567 2964 1627 3004 IX,
1651 2965 1699 3004 35,
1723 2965 1751 2995 2.
1776 2982 1816 2987 -
1839 2965 1890 3005 10)
1915 2963 1988 2996 Clu·
2012 2962 2118 3002 NV,alz
2142 2962 2183 2994 de
2207 2961 2326 2993 Nemes
2330 2959 2341 2990 i

322 3017 528 3054 (iraecorum,
553 3015 691 3058 Tubing.
716 3017 807 3048 1847.
830 2989 946 3059 Pauly
970 3017 1177 3059 Realeucycl.
1203 3019 1266 3049 vol.
1291 3018 1331 3049 V
1356 3028 1427 3059 pag.
1452 3019 1549 3049 525³
1536 3028 1626 3060 seqq
1650 3017 1749 3049 Prell
1773 3017 1796 3049 Ι
1822 3018 1891 3048 332.
