2666 3437
1317 125 1344 166 8

324 270 504 310 subvecti
521 275 556 306 et
575 268 759 307 notitiam
783 273 821 306 et
837 268 1134 306 venerationem
1151 269 1250 307 deae
1274 281 1368 308 suae
1384 272 1672 319 propagarunt,
1703 267 1869 318 ejusque
1894 269 2015 318 signa
2029 268 2203 307 medium
2219 280 2341 319 quen-

324 335 413 372 dam
443 346 487 372 ac
516 333 780 384 conspicuum
810 331 1216 371 coloniarum-locum
1245 331 1470 371 obtinentia
1491 343 1571 369 non
1597 329 1734 377 aliter,
1763 344 1809 370 ac
1833 330 2060 384 Memphide
2083 333 2229 370 factum
2249 344 2341 371 esse

323 397 547 436 Herodotus
576 397 675 435 dicit
711 394 760 448 ¹),
789 395 920 447 prima
949 396 1126 434 omnium
1154 396 1283 448 prisci
1313 395 1474 445 Pelasgi
1502 393 1728 445 conspicati
1759 400 1798 432 et
1827 395 2015 434 admirati
2043 401 2137 434 sunt
2166 393 2218 446 ²).
2262 396 2342 434 Sed

322 473 421 512 quae
451 461 547 500 deae
575 473 695 499 sacra
721 459 953 512 Memphide
983 466 1021 499 et
1048 461 1090 499 in
1121 464 1295 513 Aegypto
1327 457 1465 497 eadem
1493 469 1652 509 semper
1681 463 1720 494 et
1747 457 1955 498 immutata
1982 459 2208 508 manebant,
2242 458 2343 497 haec

321 525 366 563 in
395 525 562 563 Graecia
590 525 641 562 ad
667 524 877 574 ingenium
908 530 946 563 et
974 525 1024 563 ad
1053 524 1187 564 studia
1216 536 1410 574 usumque
1440 523 1643 561 hominum
1673 523 1972 562 accommodata
2001 529 2039 561 et
2064 529 2205 561 novata
2232 522 2341 560 vide-

320 599 422 629 muS.
478 582 578 626 Tale
608 587 768 638 quidem
796 590 1061 639 permanebat
1088 588 1130 627 in
1160 587 1433 638 religionibus
1461 599 1507 625 ac
1536 586 1644 624 cultu
1672 584 1912 624 Graecorum
1948 587 2152 626 hominum
2171 615 2182 634 ,
2223 586 2341 636 quale

319 649 491 703 primum
520 650 722 700 cognitum
751 656 852 699 erat,
880 663 1027 689 numen
1056 651 1258 690 sidereum
1286 648 1348 687 vel
1371 649 1509 701 potius
1524 648 1679 696 lunare,
1708 647 1772 685 vis
1792 649 1967 686 omnium
1988 649 2032 687 in
2052 655 2191 687 natura
2210 660 2342 686 rerum

321 715 590 767 procreatrix,
620 715 692 754 sed
722 727 841 765 quum
872 722 984 754 trans
1013 728 1122 754 mare
1152 715 1269 766 quasi
1298 713 1499 752 advectum
1527 712 1729 750 videretur
1755 711 1918 762 ipsique
1948 713 2088 752 Graeci
2111 714 2194 762 jam
2222 713 2341 750 rebus

321 778 498 816 nauticis
529 791 692 829 operam
721 779 817 816 dare
847 779 1092 830 coepissent,
1132 790 1336 817 sacrorum
1365 777 1463 814 deae
1493 776 1590 814 talis
1618 775 1782 813 mutatio
1813 782 1875 814 est
1904 777 2032 825 sacta,
2068 783 2110 815 nt
2145 777 2264 814 etiam
2292 776 2343 814 ad

322 853 432 878 mare
462 846 500 878 et
528 840 829 891 navigationem
859 847 1088 893 spectarent
1123 838 1173 891 ⁸).
1230 840 1539 880 Credebantura
1557 839 1632 878 dea
1651 841 1795 878 fluctus
1815 839 1942 878 maris
1962 846 2000 879 et
2021 841 2128 880 venti
2142 839 2343 891 compesci

322 908 360 940 et
388 903 591 942 secundus
621 904 791 943 navibus
820 915 963 942 cursus
991 903 1196 954 impertiri
1227 901 1290 956 ⁴);
1320 918 1442 956 quare
1473 910 1601 943 aetate
1628 910 1793 955 postera
1814 904 1933 954 longe
1953 905 2111 956 lateque
2132 918 2202 958 per
2220 905 2340 943 litora

319 967 430 1004 etin
457 969 653 1018 portubus
683 968 756 1005 dea
784 967 988 1005 colebatur
1023 973 1061 1004 et
1097 967 1304 1021 γαληναίη,
1344 967 1522 1013 conloca,
1562 966 1715 1017 λιμενία
1757 966 1992 1015 insignibus
2035 968 2340 1018 cognominibus

295 1031 549 1082 ‘praedicari
578 1032 736 1070 solebat
769 1029 820 1082 ⁵).
879 1032 985 1082 Quae
1017 1043 1135 1081 quum
1165 1032 1221 1071 ita
1251 1045 1294 1071 se
1323 1032 1528 1079 haberent,
1567 1030 1738 1078 accidit,
1779 1036 1823 1069 ut
1852 1032 1977 1071 Cares
2006 1032 2072 1070 illi
2100 1045 2146 1071 ac
2173 1031 2339 1082 Leleges

320 1107 422 1133 nova
450 1094 658 1133 domicilia
687 1100 929 1145 quaerentes
957 1094 1000 1133 in
1029 1095 1352 1147 Peloponnesum
1380 1098 1599 1143 migrarent
1626 1101 1664 1133 et
1692 1094 1736 1132 in
1764 1095 1967 1133 Laconica
1996 1096 2254 1148 potissimum
2282 1095 2340 1133 ita

320 1163 451 1196 certas
480 1158 599 1196 sedes
628 1158 798 1206 figerent
825 1158 960 1208 itaque
989 1150 1077 1197 cum
1107 1159 1312 1210 prioribus
1342 1159 1575 1198 sessoribus
1603 1159 1645 1197 in
1673 1158 1815 1210 populi
1840 1159 1961 1198 unius
1981 1161 2165 1211 corporis
2189 1159 2338 1198 coales-

322 1226 470 1266 cerent,
515 1226 556 1258 ut
584 1233 606 1257 a
634 1220 812 1271 posteris
841 1221 923 1272 ipsi
963 1221 1182 1269 indigenae
1212 1222 1432 1260 Laconicae
1468 1228 1596 1260 terrae
1633 1221 1880 1259 haberentur
1913 1219 1964 1272 ⁸).
2021 1226 2145 1272 Atque
2177 1223 2259 1270 jam
2295 1223 2339 1259 in

319 1295 365 1320 eo
394 1290 473 1330 est,
500 1290 544 1320 ut
571 1284 676 1333 quod
705 1284 902 1322 hactenus
930 1298 1174 1335 praeparare
1204 1287 1530 1335 argumentisque
1568 1285 1740 1331 munire,
1777 1285 1914 1322 studui
1950 1298 2182 1336 proponam.
2239 1288 2337 1323 Tum

325 1346 554 1395 conjunctis
583 1347 687 1384 inter
716 1359 760 1385 se
789 1347 938 1386 incolis
968 1348 1189 1388 Laconicae
1217 1349 1371 1401 priscis
1401 1355 1439 1387 et
1475 1348 1703 1388 recentibus
1741 1348 1860 1387 etiam
1895 1361 2012 1388 sacra
2050 1361 2170 1399 quum
2211 1354 2339 1387 cetera

320 1410 530 1460 utriusque
560 1411 694 1460 gentis
725 1411 938 1459 conjuncta
964 1411 1070 1449 inter
1098 1424 1142 1450 se
1172 1414 1419 1462 confusaque
1449 1424 1541 1450 esse
1556 1417 1666 1462 puto,
1694 1417 1776 1449 tum
1801 1423 1887 1448 cum
1902 1412 2072 1450 Veneris
2095 1412 2191 1450 deae
2208 1412 2338 1450 sacris

322 1475 493 1512 vetustis
522 1488 586 1519 ea,
628 1488 729 1524 quae
758 1489 858 1514 nova
885 1481 934 1513 ex
963 1477 1080 1526 Lycia
1108 1478 1241 1527 patria
1279 1478 1452 1514 advenae
1491 1477 1764 1522 adduxerant,
1802 1477 2013 1513 Castorum
2043 1487 2171 1515 sacra.
2227 1477 2339 1526 Quod

321 1535 481 1585 quidem
510 1537 614 1576 sicut
643 1537 746 1577 alias
776 1538 1019 1590 saepissime
1047 1538 1208 1585 accidit,
1235 1539 1294 1578 ita
1317 1538 1449 1578 bacin
1473 1553 1516 1578 re
1535 1539 1728 1579 facillime
1751 1538 1843 1577 fieri
1863 1539 2007 1590 potuit,
2036 1552 2154 1590 quum
2169 1539 2338 1578 Veneris

323 1605 361 1637 et
388 1602 597 1639 Castorum
627 1600 792 1641 numina
817 1602 895 1641 hac
923 1602 1077 1654 duplici
1105 1603 1263 1641 ratione
1291 1616 1444 1642 summa
1471 1603 1773 1642 necessitudine
1801 1603 1909 1641 inter
1929 1615 1973 1641 se
1995 1603 2339 1654 contingerentur,

319 1677 438 1713 quum
468 1666 678 1716 utriusque
707 1667 887 1706 numinis
915 1667 1112 1718 primaria
1153 1668 1262 1705 notio
1298 1681 1343 1706 ac
1381 1675 1523 1707 natura
1561 1669 1612 1707 ad
1640 1669 1770 1706 lucem
1803 1668 2028 1719 pertineret
2065 1674 2104 1705 et
2130 1664 2338 1717 utriusque

317 1728 362 1766 in
390 1731 515 1769 tutela
543 1743 652 1769 mare
691 1743 737 1769 ac
773 1730 978 1780 navigatio
1017 1731 1282 1772 crederentur.
1337 1733 1558 1772 Dioscuros
1595 1732 1701 1771 enim
1736 1733 1858 1771 rebus
1887 1731 2063 1771 nauticis
2090 1731 2339 1783 praefuisse,

317 1803 384 1829 res
413 1793 631 1832 notissima
661 1800 722 1831 est
756 1792 806 1843 ⁷).
864 1796 974 1832 Hanc
1004 1803 1130 1834 autem
1161 1797 1477 1844 conjunctionem
1508 1797 1864 1845 confusionemque
1907 1796 1951 1833 in
1988 1796 2138 1833 fabulis
2177 1796 2236 1833 ita
2273 1808 2337 1832 ex·

318 1866 502 1907 pressam
532 1856 716 1907 conspici
740 1857 893 1905 judico,
921 1864 964 1895 ut
992 1871 1093 1897 novo
1122 1866 1260 1897 exorto
1282 1860 1456 1898 Helenae
1486 1860 1646 1898 nomine
1675 1859 1767 1911 ipsa
1795 1862 1929 1897 Venus
1958 1871 2074 1897 soror
2100 1857 2335 1909 perhibere·

281 1965 288 1974 Ι
321 1927 384 1957 tur
413 1923 635 1960 Castorum.
692 1924 827 1971 ltaque
845 1935 989 1960 nomen
1019 1925 1136 1961 etiam
1153 1914 1329 1961 Helenae
1358 1925 1505 1974 optime
1533 1923 1714 1971 intelligi
1741 1923 1911 1969 videtur,
1940 1923 1979 1961 si
2007 1922 2112 1959 idem
2133 1921 2336 1959 declarari

321 1998 382 2030 eo,
411 1985 514 2033 quod
544 1983 706 2039 σελήνης
735 1999 841 2033 voce,
870 1989 1082 2037 ipsamque
1112 1988 1289 2025 lunarem
1320 1987 1431 2024 deam
1458 1990 1654 2024 Venerem
1684 1986 1913 2034 significari
1941 1986 2164 2025 existimes·

424 2047 480 2083 Ad
512 2047 684 2084 Helenae
713 2048 809 2086 deae
838 2049 917 2086 vim
944 2049 1179 2101 primariam
1207 2049 1514 2096 intelligendam
1543 2063 1643 2101 quae
1680 2049 1873 2089 hactenus
1902 2063 1925 2088 a
1963 2049 2084 2088 nobis
2122 2049 2334 2102 proposita

320 2116 428 2158 sunt,
464 2123 510 2148 ea
538 2112 655 2150 novis
685 2113 934 2160 argumentis
964 2114 1260 2164 comprobatum
1288 2114 1341 2152 iri
1369 2120 1477 2165 puto,
1515 2114 1569 2160 si,
1607 2127 1725 2164 quam
1755 2115 1947 2153 Helenam
1976 2113 2150 2152 Veneris
2179 2112 2335 2150 numini

319 2182 602 2224 congruentem
631 2176 881 2224 invenimus,
926 2179 1092 2216 eandem
1118 2179 1272 2217 Dianae
1315 2179 1413 2216 deae
1451 2180 1683 2218 arctissimo
1725 2179 1885 2217 vinculo
1928 2178 2201 2216 consociatam
2243 2188 2336 2214 esse

317 2238 549 2278 viderimus.
606 2242 653 2278 Et
681 2240 759 2278 hoc
788 2241 946 2290 quidem
978 2242 1081 2280 baud
1112 2242 1263 2290 injuria
1287 2243 1370 2291 jam
1399 2255 1445 2281 ex
1474 2256 1519 2282 eo
1549 2243 1787 2291 conjeceris,
1824 2241 1928 2292 quod
1957 2242 2077 2280 Letus
2107 2237 2334 2292 (Latonae)

316 2302 436 2341 liberi
466 2303 630 2351 gemini,
659 2303 798 2354 Apollo
828 2310 865 2343 et
886 2305 1030 2353 Diana,
1061 2318 1083 2344 a
1106 2306 1233 2344 Ledae
1263 2305 1437 2355 geminis
1452 2306 1568 2354 filiis,
1598 2307 1764 2345 Castore
1786 2310 1825 2344 et
1844 2305 2021 2351 Polluce,
2049 2317 2169 2356 quum
2188 2302 2335 2343 utrius-

320 2380 396 2417 que
425 2368 603 2405 numinis
633 2368 747 2417 origo
791 2374 828 2405 et
854 2369 1049 2420 primaria
1079 2371 1139 2408 vis
1168 2377 1394 2421 spectatur,
1436 2384 1515 2408 non
1557 2371 1769 2408 admodum
1799 2370 1924 2407 alieni
1952 2370 2128 2407 habendi
2156 2375 2251 2407 sunt
2283 2366 2336 2418 Ἴ.

315 2430 424 2468 Idem
467 2430 572 2467 enim
610 2442 700 2468 esse
743 2431 886 2469 matris
929 2432 1136 2481 utriusque
1182 2433 1310 2471 Ledae
1353 2438 1390 2470 et
1431 2435 1551 2471 Letus
1594 2445 1736 2470 nomen
1768 2433 1852 2479 jam
1898 2444 2022 2482 supra
2053 2443 2336 2470 commemora-

320 2493 474 2539 vimus;
518 2507 565 2531 ex
594 2494 730 2533 eadem
759 2495 876 2545 Lycia
904 2495 1012 2534 haud
1044 2496 1164 2534 dubie
1193 2502 1360 2546 utraque
1389 2508 1503 2534 sacra
1531 2497 1573 2534 in
1604 2497 1808 2535 Graeciam
1840 2501 2084 2543 transvecta,
2128 2494 2264 2533 eadem
2292 2493 2336 2532 in

318 2556 516 2595 Laconica
552 2562 705 2594 summa
734 2554 991 2596 veneratione
1029 2559 1135 2597 culta
1169 2565 1284 2606 sunt,
1327 2559 1408 2597 nisi
1446 2561 1551 2610 quod
1582 2561 1824 2598 Achaeorum
1865 2554 2080 2611 praecique
2111 2560 2255 2597 Castor
2299 2562 2336 2594 et

320 2620 462 2657 Pollux
505 2619 564 2656 dii
603 2626 728 2667 erant,
756 2621 899 2671 Apollo
940 2628 979 2659 et
1006 2622 1139 2660 Diana
1168 2625 1327 2661 Dorum.
1384 2625 1523 2672 ltaque
1552 2624 1726 2662 Helenae
1756 2636 1901 2661 numen
1934 2623 2127 2661 muliebre
2158 2620 2335 2659 Castori·

318 2683 391 2721 bus
431 2682 659 2730 adjunctum
695 2696 717 2720 a
747 2683 897 2722 Dianae
927 2685 1114 2722 muliebri
1143 2687 1304 2723 numine
1334 2693 1398 2724 aut
1439 2689 1486 2725 ab
1528 2687 1649 2726 initio
1693 2692 1759 2726 aut
1800 2694 1906 2725 certe
1948 2693 2113 2737 postero
2157 2692 2334 2736 tempore

405 2794 435 2833 1)
458 2792 498 2831 ΙΙ,
522 2793 591 2822 112.
614 2810 654 2814 -
677 2793 707 2833 2)
730 2792 768 2824 Ε.
792 2792 930 2825 Curtius.
956 2795 1071 2826 Gesch.
1102 2796 1131 2827 d.
1156 2796 1210 2828 Gr.
1239 2797 1262 2834 Ι,
1291 2798 1341 2828 44.
1365 2817 1404 2821 ——
1427 2800 1456 2840 3)
1480 2800 1516 2830 E.
1542 2800 1680 2839 Curtius,
1709 2801 1730 2832 l.
1753 2801 1776 2832 l.
1798 2818 1838 2823 —
1861 2801 1892 2841 4)
1916 2800 2026 2832 Horat.
2051 2799 2112 2831 Od.
2135 2797 2191 2837 ΙΙΙ,
2220 2799 2269 2832 26.
2298 2801 2335 2829 5:

321 2845 484 2884 ..marinae
507 2843 679 2875 Veneris·⁴.
721 2844 850 2877 Lucret.
872 2845 896 2885 Ι,
920 2847 949 2877 6.
972 2864 1013 2869 -—
1035 2848 1065 2888 5)
1089 2848 1227 2880 Pansam
1251 2849 1289 2887 ΙΙ,
1313 2849 1362 2887 34,
1388 2852 1434 2882 11.
1458 2851 1544 2891 V111‚
1576 2853 1625 2891 21,
1654 2855 1683 2893 4,
1714 2854 1763 2893 24,
1794 2855 1823 2885 1.
1869 2854 1907 2885 Ο.
1930 2853 2059 2892 Miiller,
2082 2851 2221 2883 Denkm.
2250 2851 2281 2882 d.
2305 2861 2335 2883 a.

318 2897 358 2930 K.
382 2897 422 2936 ΙΙ,
452 2901 529 2929 tom.
552 2898 582 2936 6,
611 2897 662 2936 68,
686 2899 735 2929 75.
778 2899 899 2930 Athen.
923 2899 1012 2937 xm,
1042 2910 1116 2942 pag.
1148 2902 1207 2933 188
1230 2902 1265 2941 E,
1295 2902 1357 2933 590
1379 2900 1413 2932 F.
1436 2919 1476 2924 —
1498 2904 1529 2943 6>
1552 2903 1691 2936 Pausan.
1713 2904 1769 2944 III,
1800 2906 1828 2945 1,
1853 2906 1888 2936 1:
1921 2905 2065 2951 ’,Λέλεξ
2091 2902 2334 2954 αὕτόχθων.“

323 2960 356 2992 a.
381 2958 468 2991 eun.
497 2969 572 3001 pag.
603 2960 674 2990 149.
699 2978 738 2982 -
762 2961 792 3000 7)
815 2960 954 2993 Theocr.
984 2961 1092 2998 xxn.
1123 2964 1162 2994 o:
1195 2959 1386 3007 ,,σωιῆρες
1411 2955 1478 2995 ἐπὶ
1505 2958 1623 3008 ξυροῦ
1648 2957 1722 3012 ἤδη
1750 2956 1925 2997 ἐόντωνέ*
1971 2967 2064 2998 nom.
2095 2965 2132 2997 H.
2156 2965 2280 3003 xxm,
2303 2966 2334 2997 6.

320 3011 431 3054 Eurip.
455 3010 526 3043 Hel.
549 3012 639 3043 1495.
686 3011 795 3044 Horat.
821 3012 881 3045 Od.
904 3013 929 3055 I,
954 3014 1001 3047 12,
1026 3014 1074 3045 27.
1099 3033 1138 3037 —
1161 3021 1190 3057 ὅ)
1215 3016 1277 3048 l’ro
1302 3022 1389 3048 c-vrto
1414 3016 1474 3048 hoc
1498 3017 1634 3050 affirmat
1657 3019 1847 3055 Schwcnck,
1870 3018 2010 3060 Mythol.
2031 3016 2063 3048 d.
2082 3016 2136 3049 Gr.
2150 3028 2183 3059 p.
2199 3017 2334 3053 99.109.
