2666 3437
1322 178 1348 221 2

318 322 411 373 ipso
440 325 558 372 partu
586 319 810 360 traduntur.
864 320 961 358 Nam
989 318 1035 357 in
1064 332 1230 370 cycnum
1257 325 1448 359 mutatum
1474 321 1611 358 Jovem
1640 318 1756 357 modo
1787 320 1916 359 solam
1947 322 2138 360 Helenam
2168 336 2215 361 ex
2239 325 2346 362 Leda

317 395 559 437 procreasse
586 383 788 432 ferebant,
817 382 934 421 modo
957 382 1153 421 Helenam
1184 388 1222 421 et
1244 383 1447 422 Pollucem
1483 380 1534 435 ¹),
1563 381 1679 421 modo
1698 388 1860 434 praeter
1878 384 2073 424 Helenam
2092 393 2130 425 et
2145 387 2348 427 Pollucem

315 451 451 500 ipsum
480 450 689 486 Castorem
717 449 887 485 alterum
915 448 1082 485 fratrem
1117 445 1171 499 ²),
1214 460 1330 498 quem
1365 448 1440 486 alii
1468 461 1492 487 a
1518 446 1727 497 Tyndareo
1769 452 1884 497 patre
1923 450 2133 488 mortalem
2168 451 2347 499 genitum

314 524 407 552 esse
435 511 625 551 dicebant
658 508 711 562 ⁸),
753 516 813 559 et,
855 523 957 560 quae
985 523 1053 549 res
1083 523 1164 549 non
1193 512 1327 550 minus
1356 511 1595 562 prodigiosa
1625 516 1711 557 est,
1754 524 1826 548 ovo
1869 511 2057 552 inclusos
2087 515 2233 553 Ledam
2262 529 2346 563 eos,

318 589 419 627 quos
447 574 760 625 nominavimus,
789 574 942 615 liberos
972 575 1190 627 peperisse
1221 576 1359 627 opinio
1390 580 1489 620 erat,
1531 579 1597 612 aut
1624 585 1703 611 uno
1733 586 1874 613 omnes
1908 574 1963 627 ⁴),
2001 584 2067 616 aut
2094 578 2246 617 duobus
2274 580 2346 629 ita,

316 647 359 678 ut
388 639 435 677 ex
462 639 591 677 altero
621 640 775 677 Helena
802 644 870 677 aut
898 651 991 687 una,
1037 645 1105 677 aut
1133 651 1221 676 cnm
1251 640 1374 677 fratre
1404 637 1565 675 Polluce
1601 636 1654 689 ⁵),
1691 650 1739 675 ex
1767 637 1894 677 altero
1923 645 1990 679 aut
2019 643 2162 681 Castor
2191 647 2229 680 et
2256 643 2345 681 Pol-

314 703 384 740 lux
417 699 472 752 Ἴ,
501 706 569 740 aut
599 703 742 740 Castor
771 707 809 740 et
839 701 1162 752 Clytaemnestra
1197 699 1235 753 ⁷)
1264 701 1474 754 prodirent
1508 699 1546 754 ⁸)
1577 701 1742 741 Similia
1770 701 1968 743 miracula
1995 705 2043 744 de
2063 706 2240 746 Helenae
2260 712 2348 746 ortu

315 768 348 804 ii
376 767 667 813 memorabant,
697 766 766 815 qui
795 765 985 803 Nemesin
1013 772 1182 803 matrem
1212 778 1302 804 esse
1330 766 1530 806 volebant.
1587 766 1825 815 Cypriorum
1847 767 1954 804 enim
1975 770 2193 807 carminum
2219 770 2345 822 scrip-

317 836 379 869 tor
408 829 616 877 Stasiuus,
661 842 712 868 an
741 828 835 880 quis
864 828 972 867 alius
1002 828 1195 868 Nemesin
1223 828 1281 868 ait
1314 826 1367 878 ⁹),
1409 836 1452 868 ut
1479 832 1614 868 Jovem
1650 831 1819 877 sugeret,
1863 831 1908 868 in
1943 834 2077 872 varias
2114 835 2346 872 animalium

314 896 467 932 formas
495 898 689 931 mutatam
718 905 793 945 per
821 904 930 930 mare
960 897 998 929 et
1027 898 1177 930 terram
1206 892 1261 951 ad
1280 898 1479 934 extremas
1499 893 1611 940 orb-is
1632 899 1829 933 terrarum
1849 901 1986 947 partes
2006 910 2179 940 errasse.
2222 900 2345 951 Quam

316 971 435 1008 quum
465 958 627 996 taudem
655 958 815 1007 Jupiter
845 956 958 1006 cycni
988 957 1124 1006 specie
1154 957 1295 993 induta
1330 954 1386 1004 ⁸⁰)
1416 963 1656 994 consecutus
1687 963 1808 1006 esset,
1838 971 1950 996 ovum
1980 960 2094 998 illam
2122 962 2347 1013 peperisse,

314 1021 422 1073 quod
450 1034 475 1060 a
502 1026 668 1074 pastore
698 1020 870 1072 quodam
897 1021 1002 1059 forte
1030 1027 1236 1072 repertum
1265 1027 1301 1059 et
1327 1020 1503 1060 adlatum
1532 1021 1582 1060 ad
1611 1034 1654 1060 se
1679 1021 1784 1061 Leda
1812 1022 2032 1072 diligenter
2061 1027 2347 1066 custodivisset

316 1092 435 1136 atque
464 1086 661 1124 Helenam
690 1097 764 1124 suo
794 1092 972 1137 tempore
1001 1085 1098 1123 inde
1128 1091 1255 1123 ortam
1282 1090 1323 1122 ut
1350 1097 1463 1123 suam
1490 1085 1618 1123 filiam
1646 1085 1910 1125 enutrivisset
1946 1085 2015 1138 ¹¹).

417 1151 500 1188 Hae
528 1150 576 1188 de
591 1150 769 1188 Helenae
798 1155 889 1187 ortu
917 1149 1256 1200 splendidissimo
1284 1149 1500 1200 eodemque
1518 1149 1756 1200 prodigioso
1784 1149 2044 1190 narrationes
2069 1152 2167 1202 quid
2188 1154 2347 1192 valeant

316 1214 364 1253 ad
393 1214 574 1253 Helenae
601 1213 700 1252 deae
730 1218 915 1251 naturam
947 1212 1281 1262 cognoscendam,
1310 1225 1429 1263 quum
1447 1218 1675 1263 quaeratur,
1697 1212 1783 1260 jam
1810 1212 1999 1263 primum,
2028 1215 2067 1254 si
2089 1216 2138 1254 ad
2158 1224 2346 1268 parentes

317 1284 355 1316 et
382 1279 532 1317 fratres
560 1282 807 1330 spectamus,
836 1276 979 1315 nescio
1008 1289 1060 1315 an
1087 1277 1213 1315 multa
1241 1288 1363 1326 eaque
1391 1276 1498 1314 haud
1520 1275 1626 1314 levia
1649 1274 1922 1325 inveniantur,
1953 1277 2099 1328 quibus
2126 1285 2193 1318 aut
2208 1279 2347 1318 simile

311 1349 379 1382 aut
406 1342 538 1391 idem,
577 1347 696 1392 atque
725 1341 818 1393 ipso
847 1341 1026 1379 Helenae
1055 1340 1243 1389 nomine,
1280 1341 1502 1380 indicatum
1533 1353 1624 1379 esse
1653 1340 1906 1381 arbitremur.
1963 1344 2046 1382 Hoc
2085 1344 2191 1382 enim
2227 1356 2346 1394 quum

311 1407 515 1458 Hesychio
545 1406 644 1447 duce
682 1403 738 1458 ¹²)
770 1404 1031 1458 „splendida,
1061 1405 1232 1445 lucens“
1263 1406 1388 1445 latine
1417 1406 1605 1445 reddatur
1633 1405 1768 1454 liceat,
1798 1406 1891 1454 nisi,
1904 1420 2076 1458 prorsus
2096 1408 2217 1458 idem,
2241 1408 2347 1459 quod

311 1470 478 1525 σελήνης
504 1470 755 1519 vocabulum,
784 1470 991 1510 declarare
1020 1470 1166 1519 malis,
1210 1477 1314 1510 certe
1344 1470 1396 1510 ad
1431 1470 1537 1509 lucis
1566 1469 1760 1509 rationem
1801 1470 2038 1521 primariam
2066 1472 2241 1511 Helenae
2268 1472 2347 1512 vim

313 1548 361 1574 ac
381 1535 589 1574 notionem
619 1534 874 1573 referendam
903 1546 995 1574 esse
1024 1534 1153 1574 docet.
1200 1539 1322 1586 Atque
1349 1534 1507 1586 Jupiter
1535 1534 1695 1593 quidem
1724 1534 1902 1573 Helenae
1923 1541 2061 1587 spater,
2081 1529 2155 1574 ¹cui
2182 1535 2348 1588 οὐρανὸς

311 1595 424 1649 εὖρύς
451 1595 494 1638 ἐν
521 1597 657 1650 αἰθέρι
687 1602 800 1636 sorte
831 1597 1046 1647 contigerit
1081 1593 1151 1649 ¹⁸),
1181 1598 1251 1648 qui
1277 1596 1317 1637 ἐν
1345 1597 1480 1649 αἰθέρι
1508 1601 1627 1638 ναίων
1663 1595 1718 1648 ¹⁴)
1747 1597 2024 1648 perhibeatur,
2060 1598 2219 1649 insigni
2254 1610 2345 1649 cog·

313 1663 476 1701 nomine
522 1662 629 1714 apud
658 1663 832 1700 Graecos
859 1659 1034 1707 Λύκαιος
1069 1658 1125 1713 ¹⁵)
1154 1661 1306 1708 dictuS‚
1344 1661 1448 1712 apud
1478 1662 1680 1699 Romanos
1708 1661 1898 1698 Lucetius
1935 1659 1991 1711 ¹⁸)
2024 1657 2109 1709 jam
2147 1662 2349 1700 Saliorum

314 1724 568 1764 carminibus
603 1721 660 1775 ¹⁷)
690 1723 928 1774 celebratus,
957 1723 1055 1775 quid
1083 1724 1194 1763 aliud
1223 1729 1298 1774 est,
1328 1737 1445 1775 quam
1474 1724 1628 1763 coelum
1658 1722 1918 1775 splendidum
1947 1729 1985 1762 et
2014 1724 2207 1773 candens,
2242 1725 2349 1764 lucis

316 1789 449 1829 omnis
478 1790 574 1827 fons
603 1795 643 1827 et
671 1789 787 1838 origo
811 1786 897 1840 ¹⁵)?
946 1791 1043 1826 Item
1070 1789 1357 1827 Dioscurorum
1384 1801 1556 1836 numen,
1592 1801 1710 1838 quum
1742 1788 1840 1826 aliis
1870 1788 2060 1826 Graeciae
2100 1789 2227 1837 locis,
2264 1795 2346 1827 tum

311 1854 357 1891 in
384 1853 562 1891 Helenae
591 1853 726 1904 patria
756 1865 913 1891 summa
942 1853 1199 1892 veneratione
1229 1853 1399 1901 cultum,
1436 1853 1676 1902 cognatione
1712 1852 1830 1903 quasi
1872 1853 2104 1904 propinqua
2141 1865 2229 1891 cum
2257 1852 2348 1892 luce

314 1917 488 1957 coelesti
516 1916 771 1965 conjunctum
799 1929 907 1966 esse,
935 1929 1019 1956 non
1048 1923 1124 1967 est,
1154 1916 1259 1969 quod
1284 1915 1469 1969 pluribus
1499 1916 1797 1955 demonstretur
1824 1915 1893 1967 ¹⁹).
1947 1916 2168 1955 Obscurior
2186 1917 2348 1967 quidem

312 1981 446 2020 Ledae
475 1980 643 2033 propria
670 1981 732 2020 vis
759 1994 806 2020 ac
835 1987 981 2021 natura
1011 1987 1089 2030 est,
1118 1981 1191 2021 sed
1219 1993 1266 2019 ne
1294 1992 1380 2019 eam
1409 1970 1571 2031 quidem
1597 1994 1621 2019 a
1649 1981 1735 2019 luce
1759 1993 1930 2032 prorsus
1957 1981 2190 2029 abhorrere,
2218 1981 2346 2033 pluri-

314 2045 389 2083 bus
419 2044 557 2083 causis
590 2043 766 2082 adducor
793 2051 836 2082 ut
874 2043 1046 2083 credam.
1104 2044 1281 2082 Oriunda
1322 2050 1385 2083 est
1425 2044 1530 2083 enim
1574 2057 1621 2082 ea
1656 2045 1779 2083 simul
1822 2058 1911 2084 cnm
1953 2044 2131 2093 geminis
2170 2044 2271 2082 filiis
2300 2058 2348 2082 ex

312 2107 433 2159 Lycia
459 2107 583 2146 Asiae
612 2107 785 2146 minoris
813 2107 998 2159 regione,
1027 2120 1156 2159 neque
1185 2107 1267 2146 alia
1294 2120 1318 2146 a
1345 2107 1446 2147 viris
1475 2107 1606 2147 doctis
1634 2108 1816 2158 habetur,
1845 2120 1963 2160 quam
1983 2108 2148 2160 quaein
2165 2106 2347 2159 antiquis

313 2173 584 2212 monumentis
614 2179 652 2212 et
679 2173 1021 2224 inscriptionibus
1050 2173 1258 2223 Lyciorum
1285 2173 1373 2220 dea,
1400 2170 1508 2209 Lada
1535 2171 1621 2209 sive
1649 2171 1731 2209 Lad
1760 2171 1983 2219 nominata,
2019 2171 2237 2219 invenitur,
2267 2172 2346 2209 eis-

397 2295 428 2335 1)
451 2294 563 2336 Eurip.
575 2294 647 2326 Hel.
671 2295 722 2326 17.
745 2303 837 2337 seqq.
860 2294 982 2326 Troad.
1006 2294 1077 2326 398.
1101 2293 1197 2325 Pind.
1220 2293 1311 2325 Nem.
1335 2293 1377 2332 X,
1403 2293 1472 2324 150.
1505 2292 1603 2324 Isocr.
1626 2293 1699 2324 Hel.
1723 2302 1848 2324 encom.
1871 2293 1922 2324 26.
1936 2311 1976 2316 —
1995 2293 2025 2334 2)
2049 2292 2161 2334 Eurip.
2185 2292 2256 2323 Hel.
2274 2292 2345 2329 254,

314 2347 436 2379 Hecab.
459 2348 531 2379 944.
554 2366 596 2371 -
618 2348 648 2389 3)
672 2347 873 2390 Apollodor.
896 2346 1050 2379 biblioth.
1074 2345 1130 2386 III⁷
1154 2346 1203 2386 10,
1227 2348 1255 2378 7.
1278 2365 1318 2371 -
1340 2346 1370 2388 4)
1394 2345 1532 2378 Pausan.
1555 2345 1611 2387 111,
1635 2347 1684 2382 16,
1709 2346 1737 2377 1.
1762 2345 1897 2387 Sappho
1920 2345 2009 2387 apud
2031 2345 2152 2378 Athen.
2175 2343 2216 2381 Π,
2240 2346 2290 2384 57,
2305 2344 2346 2385 D,

316 2401 347 2439 5)
370 2400 493 2431 Athen.
517 2399 557 2436 Π,
581 2400 631 2439 58,
655 2399 692 2430 B.
716 2399 793 2431 Hor.
817 2409 869 2430 ars
891 2404 981 2441 poet.
1005 2400 1077 2430 147.
1101 2416 1141 2422 —-
1164 2399 1195 2439 6)
1219 2398 1293 2430 Hor.
1317 2398 1383 2430 Sat.
1406 2397 1444 2437 11,
1469 2400 1497 2438 1,
1520 2400 1550 2430 6.
1574 2417 1614 2422 —
1636 2400 1667 2439 7)
1690 2398 1808 2440 Hygin.
1843 2398 1909 2429 fab.
1933 2399 1983 2429 77.
2007 2417 2048 2422 —
2071 2398 2102 2440 8)
2125 2397 2240 2429 Verbo
2269 2397 2347 2428 teti-

314 2452 401 2493 gisse
424 2452 502 2484 satis
524 2451 589 2485 erit
610 2451 751 2494 ineptias
774 2461 898 2491 eorum,
932 2451 1051 2494 quibus
1073 2455 1156 2484 teste
1178 2450 1339 2484 Pausania
1362 2450 1412 2491 (11,
1436 2453 1485 2491 57,
1507 2451 1557 2494 E.)
1581 2452 1645 2484 hoc
1666 2451 1816 2485 mirabile
1846 2451 1980 2494 placuit,
2011 2452 2182 2491 Helenam,
2215 2451 2293 2493 quia
2312 2450 2346 2481 in

312 2514 482 2556 superiore
505 2519 598 2556 parte
622 2514 763 2547 aedium-
777 2520 853 2547 nata
875 2519 972 2548 esset.
997 2524 1080 2557 quae
1103 2524 1180 2556 pars
1204 2504 1417 2558 (ὑπερῷα)
1438 2525 1457 2547 a
1478 2514 1749 2547 Lacedaemoniis
1776 2504 1834 2561 ᾦᾴ
1857 2515 2097 2555 nominaretur,
2129 2514 2164 2547 id
2186 2514 2271 2547 circo
2305 2523 2346 2547 ex

314 2587 377 2609 ovo
401 2582 512 2609 natam
534 2577 713 2620 perhiberi,
738 2582 794 2610 aut
816 2578 873 2620 qui
896 2578 1065 2610 nominum
1087 2567 1252 2625 σελήνης
1282 2583 1314 2610 et
1351 2568 1497 2622 Ελὲνης
1534 2579 1665 2621 aequali
1697 2583 1813 2611 natura
1844 2579 1968 2611 inducti
2001 2579 2042 2611 de
2074 2579 2152 2610 luna
2184 2577 2346 2610 decidisse

312 2640 408 2662 ovum
431 2630 679 2668 contenderunt,
703 2640 745 2662 ex
768 2640 833 2672 qua
855 2631 982 2663 Helena
1006 2637 1078 2663 orta
1103 2636 1209 2672 esset3
1233 2640 1346 2673 parere
1371 2631 1466 2670 enim,
1489 2641 1573 2673 quae
1595 2631 1629 2663 in
1652 2632 1729 2663 luna
1750 2636 1869 2668 essent,
1892 2631 2046 2663 mulieres
2059 2640 2132 2662 ova.
2155 2648 2196 2654 —-
2218 2630 2249 2672 9)
2271 2629 2343 2673 Frg.

319 2683 408 2726 apud
436 2683 559 2716 Athen.
582 2683 672 2724 VIII,
710 2684 781 2724 334,
813 2683 848 2716 C.
872 2695 965 2727 seqq.
998 2704 1038 2709 ——
1068 2686 1120 2726 10)
1144 2685 1246 2716 Aliud
1274 2685 1395 2717 habent
1424 2686 1585 2727 Apollod.
1615 2685 1671 2724 111,
1702 2686 1751 2721 10,
1775 2687 1803 2716 7.
1846 2685 1939 2726 Virg.
1970 2684 2034 2716 Cir.
2056 2685 2127 2717 489.
2171 2683 2282 2714 Tzetz.
2304 2683 2347 2714 ad

314 2745 462 2787 Lycoph.
476 2744 689 2785 88,Ath.111‚
704 2746 756 2777 58.
768 2745 805 2777 B.
815 2764 855 2769 -
868 2747 919 2788 11)
933 2747 987 2779 cfr.
1001 2746 1097 2779 Paus.
1107 2746 1163 2786 111,
1178 2747 1226 2787 10,
1240 2749 1265 2779 τ.
1276 2747 1375 2789 -12)
1386 2747 1525 2791 Hesych.
1537 2738 1658 2792 ἑλὲνη·
1673 2736 1850 2790 λαμπάς,
1869 2735 1970 2791 δετή.
1992 2746 2047 2778 cfr.
2061 2745 2201 2778 eundem
2212 2744 2246 2776 in
2255 2753 2345 2776 voce.

309 2799 395 2845 ἔλα,
421 2800 539 2850 βέλεα
567 2810 665 2842 Biihr.
689 2810 731 2841 ad
754 2810 875 2842 Herod.
898 2810 938 2851 11,
962 2812 1032 2843 112.
1056 2811 1246 2846 Schwenck,
1269 2810 1410 2852 Mythol.
1434 2811 1465 2843 d.
1479 2811 1608 2843 Griech.
1631 2822 1706 2854 pag.
1730 2812 1801 2844 106.
1836 2811 1972 2846 Preller.
1996 2809 2117 2852 griech.
2139 2807 2281 2849 Mythol.
2303 2807 2344 2842 II.

312 2864 362 2900 73,
387 2866 455 2894 not.
480 2881 520 2885 ——
544 2863 595 2903 13)
617 2863 713 2895 Hom.
737 2862 775 2894 11.
799 2863 876 2902 XV,
900 2864 971 2895 192.
995 2883 1035 2887 -
1058 2865 1109 2904 14)
1133 2864 1265 2896 Hesiod.
1279 2864 1343 2905 Op.
1368 2868 1399 2894 et
1422 2864 1453 2895 d.
1467 2864 1515 2895 18.
1538 2864 1760 2904 ‚‚Aetherius“
1781 2864 1871 2906 apud
1892 2863 1998 2895 Plaut.
2012 2862 2040 2893 T
2043 2862 2190 2893 rinumm.
2202 2859 2260 2899 IV,
2274 2860 2342 2900 1,l.

312 2915 392 2947 Stat.
416 2916 507 2958 Sylv.
531 2914 587 2955 111,
612 2916 640 2955 1,
664 2917 734 2949 186.
758 2936 800 2941 —
823 2917 874 2957 15)
898 2916 994 2948 Paua.
1017 2916 1075 2954 IV,
1099 2917 1149 2956 22,
1174 2918 1209 2957 73
1233 2916 1321 2955 VIII,
1345 2917 1395 2955 38,
1418 2918 1510 2949 6—7.
1534 2936 1575 2942 -—
1598 2918 1649 2959 16)
1676 2916 1809 2949 Festus:
1834 2916 2026 2957 „Lucetium
2048 2915 2170 2947 Jovem
2192 2913 2344 2955 appella-

313 2968 400 3007 bant,
425 2969 515 3010 quod
538 2978 615 3001 eum
637 2969 718 3000 lucis
741 2978 813 3001 esse
837 2979 970 3001 causam
992 2969 1200 3002 credebant-⁴
1224 2988 1263 2994 —
1287 2971 1339 3011 17)
1362 2969 1507 3002 Macrob.
1531 2971 1597 3002 Sat.
1620 2970 1644 3010 1,
1665 2971 1714 3002 15.
1739 2990 1779 2995 —
1802 2971 1853 3012 18)
1877 2969 2000 3003 Ennius
2024 2966 2113 3009 apud
2135 2965 2200 2998 Cic.
2214 2965 2255 2998 de
2278 2970 2342 2998 nat·

309 3020 400 3052 deor.
425 3019 465 3060 11,
488 3021 517 3051 2.
541 3020 709 3062 „Adspice
733 3021 795 3053 hoc
818 3021 959 3054 sublime
983 3021 1134 3062 candem,
1158 3031 1255 3064 quem
1277 3022 1432 3054 invocant
1455 3032 1568 3055 omnes
1590 3022 1744 3056 Jovem.“
1778 3024 1834 3056 cfr.
1856 3022 1973 3065 Pauly,
1995 3019 2251 3060 Realencyclop.
2275 3018 2341 3054 vol.

313 3071 370 3110 IV,
394 3082 468 3113 pag.
492 3073 552 3104 587
576 3082 668 3115 seqq.
692 3072 792 3105 Prell.
815 3073 902 3112 I‚83.
925 3093 966 3097 —
990 3075 1042 3115 19)
1066 3074 1255 3115 Schwenck‚
1279 3084 1353 3117 pag.
1367 3076 1407 3107 99
1420 3085 1510 3119 seqq.
1534 3075 1754 3116 Pre11.11‚66.
1779 3076 1819 3109 E.
1842 3075 1981 3114 Curtius,
2006 3071 2340 3115 griech.Gesch.149-
