2666 3437
1333 131 1360 173 4

334 278 479 325 habet,
520 281 649 324 certe,
692 288 812 326 quam
853 275 1048 315 rationem
1083 276 1191 315 inter
1224 282 1389 316 naturae
1427 275 1513 315 sive
1542 285 1610 314 res
1638 273 1725 313 sive
1754 275 1888 324 vires,
1917 276 2093 315 Helenae
2121 281 2160 315 et
2187 277 2358 316 Aethrae

339 340 577 379 nominibus
605 351 652 378 ac
680 339 871 391 personis
900 323 1151 388 declaratas,
1188 339 1437 379 intercedere
1464 337 1705 390 superstitio
1742 344 1918 378 veterum
1954 340 2164 389 credebat,
2202 353 2248 379 ea
2282 341 2359 380 hac

336 403 568 443 narratione
597 403 646 440 ad
674 415 809 440 rerum
837 403 1104 440 humanarum
1130 403 1302 441 formam
1330 401 1512 440 traducta
1539 406 1578 439 et
1614 401 1733 451 quasi
1771 402 1823 439 ad
1853 403 2051 442 historiae
2078 404 2198 442 fidem
2241 417 2358 456 expo-

337 468 419 507 sita
446 466 634 506 cernitur.
690 466 775 504 Non
804 465 1012 504 absimilis
1040 466 1224 504 Electrae
1260 466 1375 505 illius
1411 465 1515 503 ratio
1554 470 1638 512 est,
1675 477 1792 515 quam
1822 466 1998 505 Helenae
2037 466 2278 514 servientem
2315 468 2358 505 in

336 529 548 581 Polygnoti
576 528 712 567 tabula
741 528 967 567 Pausanias
997 528 1109 570 vidit.
1169 531 1265 569 Nam
1296 543 1343 567 ex
1372 529 1606 578 Plejadibus
1635 541 1715 567 una
1753 540 1845 568 esse
1883 536 1921 569 et
1957 536 2117 584 praeter
2144 530 2358 583 Harpyias,

338 594 543 645 procellas
571 593 670 631 illas
699 594 1009 644 rapacissimas,
1044 595 1208 642 Iridem,
1240 595 1316 633 hoc
1354 600 1416 631 est
1453 606 1587 632 arcum
1625 594 1856 642 coelestem,
1886 596 2129 634 Thaumanti
2164 595 2358 645 genuisse

335 657 569 708 perhibetur
605 654 655 707 ¹).
711 656 795 695 Has
823 656 1098 708 potissimum,
1127 670 1229 709 quae
1259 658 1304 696 in
1330 655 1483 696 tabulis
1511 657 1732 705 finguntur,
1761 658 1939 697 Helenae
1971 672 2111 699 servas
2134 666 2172 697 et
2191 658 2358 697 comites

334 720 623 759 Schwenckius
659 716 713 769 ²),
743 720 808 758 vir
834 720 1099 761 doctissimus
1128 733 1338 771 rerumque
1354 721 1618 770 mythicarum
1636 720 1933 770 peritissimus,
1961 723 2167 774 respicere
2191 722 2358 768 videtur,

336 796 455 835 quum
482 782 721 835 primariam
749 783 925 822 Helenae
954 790 1139 823 naturam
1167 785 1225 823 ita
1248 784 1442 835 explicet,
1484 790 1526 821 ut
1563 784 1654 831 ejus
1691 785 1854 822 nomine
1897 798 1944 823 ac
1980 798 2157 837 persona
2195 786 2358 823 deorum

336 859 501 885 numero
531 852 810 885 consecratam
839 858 932 885 esse
961 846 1068 885 dicat
1096 847 1329 885 matutinam
1356 845 1442 884 diei
1472 846 1599 885 lucem
1629 845 1908 897 (‚,Friihlicht,
1936 846 2263 900 Tagesfriihe“)‚
2295 848 2358 887 cui

333 911 428 960 quia
456 911 515 948 sit
543 923 691 948 serena
719 915 938 961 tempestas
966 910 1085 959 quasi
1113 911 1315 958 subjecta,
1351 909 1505 948 idcirco
1533 910 1723 947 Aethram
1750 910 1928 948 Helenae
1965 912 2209 950 servientem
2243 912 2359 962 fingi,

331 986 462 1025 neque
500 974 625 1013 aliam
652 974 847 1013 Helenam
884 986 999 1024 esse,
1043 986 1162 1025 quam
1200 987 1299 1024 quae
1333 974 1439 1025 apud
1466 975 1669 1013 Romanos
1698 977 1855 1023 „Mater
1882 976 2063 1015 Matuta“
2097 974 2134 1028 ¹)
2177 976 2356 1015 numinis

331 1040 421 1080 loco
449 1040 589 1079 habita
616 1040 683 1078 sit.
741 1040 851 1091 Quae
879 1038 958 1077 viri
985 1038 1218 1079 doctissimi
1246 1039 1443 1078 sententia
1471 1039 1765 1089 comprobanda
1800 1052 1852 1077 an
1890 1040 2113 1088 rejicienda
2141 1041 2220 1084 sit,
2263 1046 2355 1079 ante

331 1116 450 1155 quam
478 1103 523 1142 in
551 1108 708 1152 cetera,
751 1116 852 1154 quae
879 1101 957 1142 huc
983 1103 1191 1155 pertinere
1219 1103 1424 1151 videntur,
1465 1103 1693 1142 accuratius
1732 1102 2097 1153 anquisiverimus,
2137 1104 2358 1153 dijudicare

332 1179 413 1204 non
444 1167 598 1205 licebit.
653 1166 760 1203 Illud
788 1172 1004 1217 postquam
1033 1169 1193 1205 certum
1212 1166 1534 1218 exploratumque
1563 1176 1652 1204 esse
1681 1165 1854 1204 vidimus
1872 1194 1884 1215 ,
1926 1166 2014 1205 nisi
2042 1166 2093 1206 ad
2120 1167 2249 1206 lucem
2283 1168 2358 1206 He-

326 1224 448 1269 lenae
476 1237 661 1269 naturam
688 1230 902 1282 propriam
931 1231 1080 1281 referri
1108 1243 1189 1269 non
1217 1242 1352 1282 posse,
1381 1231 1433 1269 ad
1451 1231 1626 1268 Helenae
1655 1230 1870 1267 mirificum
1900 1236 2030 1269 ortum
2057 1237 2096 1269 et
2124 1231 2174 1270 ad
2194 1237 2357 1270 matrem

331 1294 524 1334 Nemesin
553 1294 782 1342 redeamus,
809 1300 853 1333 ut
881 1295 930 1334 ab
957 1293 1027 1335 his
1054 1294 1360 1346 proficiscentes
1388 1295 1546 1345 reliqua
1573 1294 1728 1333 ratione
1759 1300 1797 1333 et
1825 1294 1889 1332 via
1915 1294 2220 1344 investigemus.

438 1360 536 1397 Nam
568 1371 684 1397 ovum
712 1358 815 1396 illud
835 1364 874 1397 et
901 1370 1050 1408 cycnus
1079 1358 1156 1397 etsi
1184 1372 1258 1410 pro
1286 1364 1392 1397 certo
1416 1358 1613 1398 affirmari
1639 1370 1721 1396 non
1744 1363 1890 1409 potest,
1920 1370 2049 1409 neque
2071 1371 2148 1409 quo
2176 1365 2354 1411 tempore

331 1422 377 1459 in
404 1421 563 1461 fabulas
591 1421 820 1460 introducta
847 1421 955 1472 siut,
992 1434 1121 1472 neque
1148 1428 1280 1460 utrum
1306 1427 1397 1460 utro
1426 1422 1540 1474 prius
1568 1421 1703 1470 fuerit,
1731 1423 1809 1460 hoc
1850 1426 1957 1459 certe
1986 1421 2153 1471 dignum
2183 1428 2268 1472 est,
2308 1422 2358 1462 ad

331 1486 436 1535 quod
464 1486 640 1524 animum
665 1485 934 1534 attendamus,
963 1486 1069 1535 quod
1097 1486 1150 1524 ad
1167 1488 1361 1524 Venerem
1380 1486 1494 1523 deam
1515 1491 1553 1523 et
1581 1497 1726 1535 cycnus
1755 1491 1794 1522 et
1813 1497 1928 1523 ovum
1957 1492 2140 1537 spectare
2160 1486 2355 1535 videntur,

328 1548 579 1601 Venerisque
606 1550 650 1588 in
678 1549 877 1601 symbolis
904 1562 952 1590 ac
980 1550 1116 1600 siguis
1135 1556 1344 1601 utrumque
1373 1550 1587 1590 invenitur.
1646 1550 1800 1600 Cycnus
1829 1549 1952 1596 enim,
1982 1562 2060 1600 quo
2089 1550 2210 1601 signo
2240 1563 2348 1589 mare

327 1626 374 1652 ac
418 1615 563 1652 fluctus
604 1614 786 1652 marinos
814 1619 971 1652 veteres
1007 1613 1193 1651 indicare
1222 1615 1437 1661 solebant,
1480 1626 1599 1663 quum
1626 1613 1724 1650 aliis
1752 1611 1863 1660 diis,
1909 1624 2078 1663 quorum
2107 1613 2271 1652 numina
2298 1613 2349 1652 ad

330 1691 440 1717 mare
487 1677 693 1730 pertinent
711 1676 779 1729 ⁴),
817 1683 900 1716 tum
940 1678 1089 1718 Veneri
1132 1692 1180 1717 ex
1223 1679 1348 1717 maris
1387 1691 1529 1729 spuma
1565 1683 1674 1717 ortae
1721 1676 1963 1727 saepissime
1999 1677 2041 1714 in
2088 1677 2350 1726 carminibus,

326 1743 529 1790 nummis,
573 1742 721 1781 statuis
763 1742 976 1790 adjunctus
1020 1750 1082 1783 est
1112 1741 1163 1793 ⁵).
1230 1744 1352 1781 Ovum
1388 1742 1529 1780 itidem
1570 1743 1614 1780 in
1652 1740 1826 1780 Veneris
1866 1741 2004 1790 signis
2038 1753 2085 1780 ac
2114 1741 2348 1781 simulacris

328 1806 442 1844 cerni
473 1812 512 1844 et
531 1806 740 1844 Prellerus
768 1806 927 1855 liquido
947 1807 1062 1845 docet
1086 1805 1140 1857 ⁸),
1169 1819 1310 1856 neque,
1340 1806 1410 1855 qui
1437 1811 1621 1844 naturam
1649 1805 1747 1843 deae
1767 1817 1850 1842 non
1878 1804 2000 1856 plane
2028 1804 2204 1854 ignoret,
2231 1805 2352 1844 mira·

328 1868 448 1908 bitur.
517 1872 566 1907 At
604 1868 706 1907 haec
734 1868 918 1918 symbola
947 1881 1065 1919 quam
1093 1869 1269 1907 Helenae
1297 1882 1385 1907 cum
1412 1870 1565 1907 Venere
1594 1869 1670 1907 dea
1696 1868 2037 1907 uecessitudinem
2064 1868 2351 1907 intercessisse

330 1931 590 1982 significant,
620 1944 667 1971 ea
701 1934 898 1984 profecto,
927 1945 1047 1984 quum
1077 1933 1260 1972 Nemesis
1287 1933 1430 1972 matris
1457 1933 1536 1971 vim
1565 1945 1611 1972 ac
1639 1932 1837 1972 rationem
1864 1932 2201 1981 intellexerimus,
2228 1933 2352 1971 multo

327 1995 494 2046 planius
528 1996 577 2033 ob
612 1995 753 2034 oculo's
782 2003 964 2048 ponetur.
1036 1997 1222 2036 Nemesis
1259 1997 1364 2035 enim
1401 2009 1546 2035 numen
1576 1997 1728 2049 priscis
1756 1996 2005 2049 temporibus
2033 2009 2115 2037 non
2142 1997 2274 2036 solum
2302 1996 2354 2036 ad

330 2059 536 2096 hominum
564 2071 711 2106 mores,
747 2060 822 2098 sed
852 2060 973 2098 etiam
1002 2060 1054 2098 ad
1081 2073 1148 2099 res
1177 2065 1341 2099 naturae
1370 2062 1500 2099 valere
1528 2062 1780 2108 credebatur,
1808 2075 1891 2100 non
1919 2062 2052 2100 solum
2079 2073 2204 2112 prava
2231 2065 2348 2111 atque

325 2121 454 2174 impia
482 2122 692 2162 homiuum
721 2123 907 2162 facinora
934 2123 1138 2163 immissis
1167 2124 1460 2164 calamitatibus
1493 2124 1574 2164 sibi
1609 2126 1817 2177 punienda
1854 2138 2039 2174 sumere,
2079 2130 2123 2164 ut
2159 2124 2210 2163 ad
2244 2125 2353 2163 vitae

326 2186 566 2224 modestiam
593 2187 834 2238 perduceret
863 2193 917 2236 et,
946 2187 1143 2238 quidquid
1170 2188 1285 2226 nefas
1314 2193 1439 2235 esset,
1468 2189 1516 2226 ab
1546 2200 1593 2226 eo
1620 2188 1863 2237 deterreret,
1893 2187 1966 2227 sed
1996 2187 2116 2226 etiam
2142 2186 2187 2225 in
2214 2186 2351 2226 initiis

329 2262 375 2286 ac
404 2249 632 2287 seminibus
660 2250 717 2287 iis
744 2250 915 2299 pollere,
943 2250 1050 2287 unde
1071 2250 1221 2298 omnia,
1250 2262 1351 2300 quae
1378 2249 1621 2296 videremus,
1650 2256 1738 2289 orta
1767 2256 1806 2289 et
1833 2254 2022 2289 concreta
2049 2255 2202 2288 essent.
2256 2249 2356 2298 Hoc,

329 2319 371 2352 ut
400 2312 484 2352 alia
512 2313 724 2363 omittam,
756 2314 841 2361 jam
876 2327 923 2353 eo
951 2313 1248 2362 intelligimus,
1284 2313 1389 2364 quod
1419 2327 1466 2351 ex
1493 2315 1651 2353 Oceano
1685 2312 1752 2364 '),
1788 2320 1855 2352 aut
1883 2327 1932 2351 ex
1959 2316 2079 2351 Nocte
2112 2312 2177 2362 ⁸),
2213 2319 2280 2351 aut
2307 2326 2356 2350 ex

329 2376 461 2414 Erebo
491 2382 530 2415 et
557 2378 679 2415 Nocte
714 2374 752 2428 ⁰)
782 2376 975 2416 Nemesin
1000 2383 1253 2429 procreatam
1289 2388 1380 2416 esse
1416 2376 1460 2416 in
1494 2377 1647 2417 fabulis
1676 2384 1765 2426 est,
1801 2390 1825 2417 a
1853 2377 2000 2429 quibus
2029 2376 2201 2429 primis,
2229 2382 2272 2416 ut
2298 2376 2357 2416 ita

329 2440 475 2489 dicam,
506 2442 880 2493 vetustissimisque
910 2442 993 2481 diis
1015 2455 1117 2493 quae
1138 2442 1338 2492 originem
1351 2441 1504 2479 habere
1534 2443 1719 2479 feruntur
1745 2441 1926 2489 numina,
1953 2442 2048 2491 ipsa
2066 2441 2126 2480 ,ad
2145 2449 2355 2478 numerum

326 2502 704 2554 antiquissimorum
740 2505 906 2544 deorum
947 2505 1219 2545 adscribenda
1252 2518 1343 2544 esse
1382 2510 1551 2545 constat.
1618 2507 1831 2544 Praeterea
1872 2504 2009 2543 Noctis
2050 2503 2178 2542 filiam
2214 2503 2352 2543 eodem

328 2580 454 2607 sensu
483 2569 676 2608 Nemesin
705 2570 920 2622 appellari,
948 2583 1027 2620 quo
1055 2570 1131 2609 illa
1158 2571 1252 2622 ipsa
1278 2571 1322 2608 iu
1352 2570 1542 2621 Orphicis
1571 2582 1672 2620 quae
1707 2569 1894 2611 dicuntur
1923 2568 2172 2608 carminibus
2201 2566 2257 2620 ¹⁹)
2288 2569 2351 2607 in·

327 2636 514 2670 vocetur:
542 2629 638 2678 Νύξ,
653 2635 796 2684 γένεσις
815 2632 985 2679 πάντων,
1005 2632 1139 2688 ἦνκαὶ
1167 2632 1366 2685 Κύπριν
1392 2633 1630 2685 καλέσωμεν,
1660 2647 1708 2673 ex
1728 2634 1806 2683 eis,
1834 2646 1935 2684 quae
1955 2646 2048 2671 mox
2060 2638 2350 2684 proponentur,

413 2754 444 2796 1)
468 2753 601 2788 Hesiod.
626 2756 752 2799 Theog.
776 2757 847 2790 266.
871 2777 911 2782 —
933 2758 964 2799 2)
988 2758 1129 2800 Mythol.
1154 2756 1185 2789 d.
1210 2756 1338 2790 Griech.
1362 2757 1439 2798 106;
1469 2756 1609 2800 Mythol.
1641 2757 1672 2789 d.
1696 2757 1841 2790 Semiten
1863 2766 1895 2798 p.
1918 2756 1990 2788 289.
2021 2759 2087 2788 not.
2111 2775 2151 2779 —
2174 2755 2205 2794 3')
2228 2754 2355 2787 Lucret.

325 2806 366 2844 V,
390 2807 469 2838 654:
494 2817 623 2839 roseam
638 2809 763 2840 Matuta
784 2819 845 2851 per
868 2819 941 2841 oras
963 2811 1105 2842 aetheris
1128 2819 1279 2842 auroram
1301 2809 1409 2841 differt
1431 2814 1464 2841 et
1484 2810 1609 2841 lumina
1630 2809 1754 2852 pandit.
1788 2810 1845 2842 etr.
1868 2809 1979 2849 Prell.,
2002 2808 2095 2841 Rem.
2116 2807 2256 2849 Mythol.
2280 2816 2353 2850 pag.

331 2858 404 2891 285.
449 2859 641 2901 Schwenclg
664 2861 803 2903 Mythol.
829 2862 860 2895 d.
883 2862 1013 2903 Ramer,
1036 2873 1111 2905 pag.
1136 2864 1206 2895 166.
1230 2873 1321 2906 seqq.
1345 2882 1385 2886 —
1407 2864 1441 2903 4)
1464 2862 1564 2896 Prell.
1587 2864 1620 2903 l.‚
1645 2864 1705 2896 157
1717 2874 1725 2895 :
1749 2864 1820 2895 376.
1845 2863 1901 2895 cfr.
1923 2862 2081 2904 Aeschyl.
2098 2861 2207 2893 Prom.
2225 2861 2293 2893 797.
2315 2880 2355 2885 —-

332 2913 367 2951 5)
390 2911 519 2952 Mffller,
542 2913 729 2946 Handbuch
751 2915 809 2948 der
830 2915 988 2948 Archfiol.
1013 2916 1031 2957 ξ
1055 2917 1126 2957 378,
1149 2917 1179 2948 2.
1214 2916 1269 2948 cfr.
1293 2916 1370 2948 Hor.
1395 2915 1456 2949 Od.
1478 2916 1521 2956 V,
1546 2917 1573 2957 1,
1598 2917 1648 2949 10.
1693 2916 1773 2949 Stat.
1797 2916 1877 2949 silv.
1900 2916 1924 2957 1,
1948 2917 1977 2957 2,
2001 2916 2072 2949 142.
2094 2913 2151 2954 111,
2174 2915 2202 2954 4,
2227 2915 2297 2946 122.
2314 2932 2355 2938 -

328 2965 361 3003 6)
385 2964 412 2996 Ρ
414 2965 486 2997 rell·
511 2990 518 3005 ›
542 2967 613 2999 234·
648 2986 690 2992 -
725 2970 758 3008 7)
781 2968 920 3002 Pausan.
943 2969 968 3009 1,
993 2970 1044 3009 33,
1067 2971 1096 3002 3.
1118 2969 1195 3001 vn.
1219 2970 1248 3010 5,
1279 2971 1308 3002 3.
1343 2988 1383 2992 —
1416 2970 1446 3011 8)
1470 2969 1603 3002 Hesiod.
1627 2970 1754 3012 Theog.
1777 2970 1849 3002 223.
1884 2987 1924 2994 -
1957 2969 1992 3014 9)
2014 2967 2131 3010 Hygia.
2155 2967 2290 3009 praefat.
2314 2984 2354 2991 --

328 3018 377 3057 10)
402 3017 503 3061 Orph.
528 3020 558 3052 h.
582 3019 637 3061 111,
665 3022 694 3054 2.
