2666 3437
1287 128 1314 170 9

296 288 376 315 non
404 284 575 326 prorsus
604 269 781 312 alienum
810 271 942 311 fuisse
970 270 1180 324 probabile
1211 277 1286 313 est.
1340 272 1422 311 Sed
1448 271 1557 323 quod
1583 271 1691 311 haud
1719 271 1870 321 injuria
1884 273 2033 322 conjici
2048 273 2241 322 diximus,
2279 271 2321 313 id

292 338 457 391 planius
480 338 564 386 jam
592 336 825 388 perspicere
854 336 1010 383 licebit,
1043 335 1080 373 si
1109 335 1154 374 in
1182 335 1480 374 Messeniorum
1511 347 1612 385 quae
1639 334 1826 374 dicuntur
1853 336 2049 375 heroinas
2072 338 2259 375 Phoeben
2282 343 2322 374 et

293 402 506 449 flilairam,
534 399 727 451 Leucippi
753 399 889 447 filias,
929 399 1356 447 animadverterimus,
1390 399 1603 447 adjunctas
1631 405 1670 437 et
1697 400 1812 451 ipsas
1842 407 1883 438 ut
1910 401 2124 439 miiliebria
2153 402 2318 440 numina

292 464 386 503 Idae
414 470 453 502 et
479 465 650 513 Lynceo,
676 462 945 514 patruelibus,
974 474 1076 512 quos
1105 461 1213 511 apud
1234 462 1467 503 Messenios
1492 461 1599 500 idem
1628 462 1821 511 valuisse,
1849 469 1966 513 atque
1996 464 2100 515 apud
2125 464 2322 502 Lacedae-

291 528 452 568 monios
482 527 756 565 Castoremet
782 526 1010 573 Pollucem,
1051 538 1170 576 quum
1212 532 1388 565 veterum
1429 525 1680 565 testimoniis
1716 523 1752 577 ¹)
1777 533 1876 565 tum
1912 527 2179 566 recentiorum
2224 540 2321 566 con·

291 605 418 632 sensu
450 590 490 643 ¹)
520 591 811 641 comprobatur.
851 591 973 628 Hisce
1003 591 1109 629 enim
1138 590 1332 642 Leucippi
1359 590 1525 628 filiabus
1553 602 1698 638 magna
1726 591 1952 629 similitudo
1982 597 2021 628 et
2048 603 2136 628 cum
2165 592 2321 629 Helena

254 675 258 677 -
291 663 329 693 et
357 667 444 693 cum
471 654 603 691 Diana
632 658 729 693 erat.
783 654 959 704 Namque
987 665 1068 692 non
1097 653 1228 691 solum
1255 666 1280 692 a
1305 653 1568 702 Castoribus,
1598 654 1775 692 Helenae
1804 654 2013 702 fratribus,
2043 661 2181 706 raptae
2208 661 2249 692 et
2275 654 2317 692 in

291 717 587 757 matrimonium
616 717 758 755 ductae
789 729 880 756 esse
909 717 1143 756 dicebantur
1175 715 1213 768 ⁸)
1245 718 1382 756 eodem
1410 719 1541 766 modo,
1577 732 1655 769 quo
1683 719 1875 756 Helenam
1904 719 1953 757 ab
1981 719 2051 757 Ida
2078 726 2115 756 et
2143 721 2317 769 Lynceo,

292 794 457 833 quorum
485 781 584 819 illae
613 785 652 819 et
678 781 888 833 patrueles
916 788 955 820 et
983 794 1130 821 uxores
1158 782 1419 831 habebantur,
1461 789 1617 834 raptam
1645 796 1670 821 a
1697 783 1911 821 nonnullis
1939 783 2021 822 dici
2059 795 2185 834 supra
2214 782 2313 821 vidi·

290 859 379 885 mus
411 845 465 897 ⁰),
507 845 577 884 sed
608 846 729 885 etiam
756 846 806 885 ad
834 846 1010 885 Helenae
1037 847 1235 885 rationem
1262 847 1444 899 proxime
1473 847 1702 887 accessisse
1731 847 1932 899 putandae
1973 854 2068 885 sunt
2099 860 2169 895 eo,
2212 846 2318 897 quod

292 912 335 950 in
362 910 510 961 templo
538 923 674 948 earum
704 924 728 948 a
755 911 940 949 lacunari
968 916 1102 962 aptum
1130 911 1330 963 pendebat
1357 923 1499 957 ovum,
1540 911 1645 961 quod
1673 912 1723 949 ab
1752 911 1938 949 omnibus
1967 911 2073 949 Leda
2099 911 2312 962 peperisse

291 975 500 1013 dicebatur
533 971 585 1024 ε].
653 974 824 1013 Easdem
862 981 992 1012 autem
1021 973 1287 1026 Leucippides
1316 974 1366 1012 ad
1403 974 1559 1013 Dianae
1603 980 1642 1013 et
1676 974 1881 1026 Apollinis
1923 974 2103 1014 rationes
2148 973 2315 1013 multum

290 1038 508 1089 pertinere,
536 1043 575 1075 et
602 1050 650 1075 ex
675 1037 907 1076 nominibus
935 1037 1182 1087 intelligitur
1208 1057 1261 1066 -·
1287 1039 1475 1078 Phoeben
1504 1038 1611 1078 enim
1639 1044 1678 1076 et
1704 1039 1902 1078 Hilairam
1930 1037 2202 1078 usitatissima
2218 1036 2313 1075 Dia·

291 1114 365 1140 nae
394 1100 637 1148 cognomina
665 1113 757 1141 esse
785 1113 903 1139 nemo
929 1101 1093 1151 ignorat
1125 1099 1166 1152 ⁶)
1193 1121 1245 1131 -
1273 1108 1311 1140 et
1338 1116 1387 1141 ex
1415 1115 1477 1150 eo,
1505 1090 1613 1153 «1υαί
1630 1104 1833 1154 Apollinis
1861 1103 1974 1142 filiae
2001 1103 2044 1141 in
2073 1100 2313 1153 antiquissi-

290 1164 367 1202 mis
391 1164 474 1213 jam
505 1164 667 1215 Cypriis
696 1164 944 1203 carminibus
971 1164 1104 1204 dictae
1133 1171 1227 1205 sunt
1260 1164 1309 1217 ⁷).
1365 1166 1551 1215 Denique
1580 1171 1648 1204 ant
1674 1167 1810 1214 fallor,
1840 1173 1906 1204 aut
1927 1167 2006 1204 tria
2029 1166 2104 1205 illa
2119 1165 2311 1211 Helenae,

291 1226 593 1277 Leucippidum,
621 1227 776 1266 Dianae
803 1228 1021 1266 muliebria
1050 1229 1237 1276 numina,
1275 1242 1376 1278 quae
1404 1241 1480 1267 suo
1509 1229 1692 1279 quodque
1721 1230 1832 1267 virili
1860 1230 2015 1267 numini
2044 1229 2163 1278 quasi
2192 1241 2310 1277 quae-

288 1289 378 1328 dam
406 1290 586 1342 antitypa
612 1304 687 1343 pro
715 1304 824 1330 more
840 1292 1080 1330 Graecorum
1110 1292 1295 1344 opposita
1324 1305 1417 1332 esse
1444 1293 1588 1333 merito
1610 1293 1780 1337 dixeris.
1808 1299 1876 1332 aut
1900 1294 2066 1332 eandem
2090 1297 2155 1331 aut
2178 1291 2307 1331 simil-

287 1353 422 1392 limam
448 1354 672 1393 habuerunt
700 1356 966 1403 sententiam,
993 1356 1100 1393 sicut
1126 1356 1262 1394 virilia
1288 1356 1378 1404 illa,
1420 1356 1567 1406 quibus
1596 1356 1783 1405 adjuncta
1811 1362 1921 1403 sunt,
1956 1363 2022 1394 aut
2049 1356 2171 1406 plane
2198 1354 2306 1391 idem

288 1424 353 1456 aut
375 1418 627 1458 simillimum
656 1419 834 1459 valuisse
862 1420 1052 1460 vidimus.
1106 1423 1154 1459 At
1180 1420 1287 1459 nihil
1310 1421 1495 1471 profecto
1522 1420 1659 1468 magis
1687 1420 1875 1458 idoneum
1904 1427 1980 1467 est,
2008 1433 2086 1469 qno
2115 1430 2309 1458 summam

287 1482 462 1520 Helenae
490 1482 738 1521 cumDiana
765 1483 1110 1522 necessitudinem
1137 1483 1425 1522 intercessisse
1453 1483 1531 1523 tibi
1554 1483 1820 1535 persuadeas,
1848 1495 1966 1534 quam
1984 1482 2094 1534 quod
2109 1481 2309 1532 antiquis·

286 1545 411 1584 simas
439 1547 600 1585 fabulas
628 1546 759 1585 secuti
787 1547 1048 1586 Stesichorus
1082 1545 1137 1598 ⁸),
1174 1547 1430 1587 clarissimus
1457 1547 1531 1585 ille
1558 1553 1693 1599 poeta,
1722 1548 1875 1598 aliique
1902 1547 2167 1594 tradiderunt,
2188 1545 2306 1582 Hele·

286 1620 377 1647 nam
405 1614 560 1660 raptam
589 1623 613 1648 a
641 1610 813 1659 Theseo,
854 1616 1069 1662 postquam
1097 1624 1121 1650 a
1146 1612 1343 1651 fratribus
1372 1611 1543 1650 liberata
1571 1617 1696 1660 esset,
1737 1611 1993 1663 Iphigeniam
2030 1611 2159 1649 filiam
2186 1621 2307 1661 pepe·

285 1671 389 1711 risse
423 1671 475 1725 ⁹).
529 1674 648 1713 Nulla
675 1675 781 1713 enim
808 1675 891 1714 alia
921 1675 1135 1727 Iphigenia
1162 1681 1248 1724 est,
1283 1688 1400 1727 quam
1437 1675 1532 1728 ipsa
1558 1675 1702 1716 Diana.
1760 1675 1873 1728 Quod
1913 1680 1954 1713 nt
1981 1673 2209 1713 accuratius
2237 1684 2303 1711 ex-

284 1738 504 1788 plicemus,
546 1741 585 1778 si
617 1739 713 1788 quid
754 1740 889 1788 aliud,
930 1754 950 1778 e
986 1754 1029 1778 re
1070 1747 1213 1779 nostra
1248 1747 1321 1780 est.
1389 1745 1443 1779 Ac
1482 1742 1657 1791 primum
1690 1741 1851 1791 quidem
1882 1741 2035 1778 Dianae
2064 1738 2304 1790 Iphigeniae

285 1800 591 1849 cognominatae
621 1802 878 1850 Hermionae,
905 1802 950 1840 iu
977 1803 1128 1854 oppido
1144 1803 1429 1854 Peloponnesi,
1457 1805 1648 1855 templum
1675 1804 1807 1842 fuisse
1833 1803 2057 1843 Pausanias
2084 1802 2210 1839 tradit
2231 1798 2302 1851 ⁶⁶).

283 1865 382 1901 Item
407 1864 524 1903 deam
551 1865 666 1903 illam
695 1868 938 1913 Taurorum,
975 1868 1042 1904 cui
1079 1867 1267 1916 naufragi
1295 1867 1442 1917 quique
1471 1868 1714 1905 Graecorum
1743 1880 1790 1905 eo
1819 1867 1945 1903 delati
1974 1871 2089 1902 erant
2116 1865 2303 1902 homiues

283 1926 490 1967 immolari
518 1930 719 1977 solebant,
748 1932 797 1969 ab
825 1930 934 1982 ipsis
962 1931 1111 1970 Tauris
1138 1931 1390 1982 Iphigeniam
1417 1931 1543 1970 filiam
1571 1930 1883 1980 Agamemnonis
1909 1929 2181 1980 praedicatam
2210 1940 2302 1967 esse

282 1990 505 2031 Herodotus
535 1992 650 2032 docet
686 1990 755 2045 ¹¹).
809 1993 921 2032 Hanc
948 1999 1079 2032 autem
1116 1993 1232 2032 deam
1262 1997 1482 2033 Taurorum
1520 1994 1633 2032 nullo
1661 1992 1825 2031 omnino
1852 1992 2093 2031 discrimine
2120 2005 2145 2029 a
2171 1990 2303 2029 Diana

286 2054 525 2095 Graecorum
553 2064 781 2109 separatam
813 2070 922 2107 esse,
944 2059 1028 2106 jam
1057 2058 1278 2096 Pausaniae
1306 2070 1544 2109 persuasum
1572 2057 1703 2096 fuisse
1722 2063 1905 2108 apparet.
1960 2059 2057 2094 Nam
2086 2061 2298 2107 postquam

279 2109 542 2167 Meg'arenses
570 2121 768 2171 gloriatos
797 2133 891 2160 esse
919 2121 1088 2159 tradidit
1118 2118 1185 2169 ¹²),
1213 2121 1319 2171 qnod
1346 2127 1386 2160 et
1410 2120 1617 2160 heroicum
1647 2120 1885 2172 Iphigeniae
1914 2120 2019 2171 apud
2048 2133 2094 2158 se
2122 2124 2300 2158 mortuae

279 2189 574 2222 monumentum
591 2184 786 2223 haberent
805 2189 844 2222 et
865 2184 1019 2226 Dianae
1039 2184 1230 2237 templum
1253 2186 1303 2223 ab
1318 2188 1610 2235 Agamemnone
1627 2184 1871 2230 dedicatum,
1900 2195 2022 2234 quum
2042 2181 2299 2222 Calchantem

279 2251 406 2284 vatem
422 2247 473 2285 ad
492 2248 644 2286 bellum
663 2248 851 2286 Troicum
874 2248 1120 2288 excitaturus
1140 2250 1304 2300 Megara
1322 2248 1514 2298 venisset,
1542 2249 1619 2287 hoc
1636 2248 1897 2286 memorabile
1920 2246 2046 2295 addit,
2065 2245 2298 2293 Hesiodum,

284 2322 403 2358 quum
432 2311 685 2361 Iphigeniam
722 2324 803 2350 non
832 2325 991 2351 caesam
1021 2325 1113 2350 esse
1139 2326 1216 2363 pro
1247 2313 1383 2351 hostia
1411 2319 1593 2361 caneret,
1635 2312 1708 2350 sed
1736 2312 1891 2349 Dianae
1926 2313 2088 2349 numine
2124 2310 2301 2347 Hecaten

278 2373 449 2428 factam,
490 2374 599 2415 nihil
640 2375 863 2415 dissentire
904 2377 955 2416 ab
997 2389 1044 2415 eo
1061 2405 1073 2424 ‚
1117 2376 1226 2426 ⁴quod
1264 2376 1508 2415 Herodotum
1553 2375 1689 2414 dicere
1730 2375 1848 2414 moda
1892 2373 2300 2419 commemoravimus,

277 2435 399 2486 idque
422 2437 655 2485 justissime
679 2451 771 2478 eum
799 2439 1006 2479 affirmare
1034 2452 1164 2489 nemo,
1194 2439 1264 2490 qui
1291 2440 1456 2479 eandem
1489 2440 1662 2478 Hecatae
1692 2452 1739 2478 ac
1766 2439 1923 2479 Dianae
1950 2437 2185 2490 primariam
2214 2436 2298 2486 sig-

276 2500 548 2541 nificationem
584 2501 639 2554 ’Ἴ
670 2516 763 2543 esse
790 2510 948 2553 teneat,
977 2503 1152 2554 negabit.
1217 2504 1332 2556 Quod
1368 2509 1499 2542 autem
1525 2504 1709 2554 vulgaris
1733 2503 1917 2546 narratio
1957 2503 2092 2550 habet,
2133 2500 2300 2553 Iphige-

274 2564 387 2603 niam
413 2578 495 2605 non
522 2567 654 2619 ipsam
679 2569 798 2607 deam
826 2581 921 2608 esse
939 2598 950 2617 ,
987 2570 1060 2607 sed
1089 2568 1186 2607 deae
1215 2567 1466 2607 sacerdotem
1494 2567 1656 2617 signum
1684 2581 1736 2605 ex
1762 2567 1911 2606 Tauris
1938 2567 1984 2604 in
2011 2565 2220 2604 Graeciam
2248 2584 2300 2596 «-

275 2629 520 2671 Brauronem
538 2626 563 2680 ,’
592 2632 636 2671 in
675 2633 1003 2684 antiquissimam
1043 2633 1301 2683 Pelasgorum
1340 2632 1385 2670 in
1430 2631 1558 2670 Attica
1604 2631 1743 2670 sedem
1785 2651 1836 2662 κ-
1880 2630 2104 2676 detulisse,
2149 2629 2229 2668 hoc
2269 2642 2294 2668 a

274 2692 444 2742 tragicis
467 2695 725 2744 potissimum
752 2697 885 2749 poetis
914 2703 1118 2749 acceptum
1147 2703 1188 2735 et
1213 2702 1477 2748 propagatum
1506 2706 1598 2734 esse
1626 2700 1798 2738 cmistat.
1854 2695 1962 2734 Nihil
1982 2701 2031 2732 ‘ut
2060 2694 2296 2744 neglexisse

355 2783 386 2823 1)
410 2782 465 2816 cfr.
487 2783 628 2819 Pausan.
647 2786 703 2828 m,
728 2788 776 2828 13,
797 2788 826 2820 1.
844 2787 901 2828 111,
913 2788 963 2828 14,
976 2789 1004 2828 7,
1029 2787 1138 2820 Schol.
1151 2787 1195 2819 ad
1205 2787 1363 2830 Apollon.
1375 2787 1482 2820 Rhod.
1498 2787 1608 2828 1,159.
1630 2787 1791 2830 Apollod.
1803 2787 1858 2826 111,
1873 2788 1920 2827 10,
1934 2787 1963 2818 3.
1987 2806 2028 2811 -
2050 2787 2082 2828 2)
2104 2786 2140 2818 Ε.
2158 2785 2297 2826 Curtius,

274 2833 404 2868 Gricch.
427 2834 547 2869 Gesch.
569 2837 594 2878 Ι,
616 2849 692 2882 pag.
715 2841 785 2873 150.
829 2840 941 2881 PrelL,
972 2840 1102 2875 Grieoh.
1124 2841 1266 2883 Mythol.
1287 2841 1328 2881 Π,
1349 2851 1424 2884 pag.
1446 2842 1497 2873 68.
1542 2841 1732 2880 Schwenck,
1766 2840 1907 2882 mythol.
1929 2839 1963 2873 d.
1986 2839 2042 2872 Gr.
2064 2849 2140 2881 pag.
2164 2839 2236 2873 104.
2260 2858 2300 2863 —

272 2887 305 2929 3)
327 2886 466 2919 Pausan.
488 2888 530 2929 11,
552 2889 602 2930 22,
624 2892 655 2923 5.
697 2891 838 2925 Theocr.
861 2892 954 2935 idyll.
977 2892 1088 2925 XXII.
1122 2911 1163 2917 --
1195 2892 1226 2935 4)
1248 2892 1413 2926 Plutarch.
1440 2892 1541 2924 Thoe.
1572 2903 1644 2935 cap.
1672 2894 1722 2924 31.
1756 2911 1797 2916 —-
1829 2894 1860 2934 5)
1883 2892 2021 2924 Pausan.
2051 2890 2108 2931 111,
2132 2892 2182 2932 16,
2205 2893 2235 2923 1.
2257 2908 2299 2914 —

271 2940 302 2981 6)
326 2939 516 2982 Βώνειιοὶ,
539 2942 644 2985 Myth.
668 2944 699 2977 d.
723 2944 779 2978 Gr.
801 2955 836 2988 p.
859 2946 930 2978 102.
953 2964 994 2969 —-
1015 2946 1047 2988 7)
1069 2945 1208 2977 Pausan.
1230 2944 1287 2986 111,
1311 2945 1358 2984 16,
1382 2945 1411 2977 1.
1433 2962 1475 2967 —-
1496 2945 1528 2987 8)
1551 2944 1678 2987 Fragm.
1691 2945 1740 2976 37.
1753 2944 1774 2976 i.
1797 2944 1916 2988 Bergk,
1939 2943 2109 2986 Poet.lyr.
2121 2953 2167 2987 gr.
2180 2953 2211 2986 p.
2226 2944 2297 2975 750.

271 2993 303 3035 9)
327 2993 382 3026 cfr.
404 2992 544 3027 Pausan.
566 2995 607 3037 11,
629 2997 680 3038 22,
704 3000 733 3030 7.
757 2998 879 3040 Tzetz.,
903 2998 945 3031 ad
966 2998 1115 3041 Lycoph.
1138 2999 1210 3031 851.
1233 2997 1388 3031 Antonin.
1411 2997 1554 3030 Liberal.
1577 2997 1809 3029 transformatt.
1831 3007 1902 3039 cap.
1925 2996 2069 3029 XXVII.
2102 2997 2124 3028 i.
2147 2996 2297 3028 wester-

269 3056 376 3079 mann.
399 3046 564 3091 Mythogr.
586 3059 661 3093 pag.
684 3051 757 3083 226.
787 3070 829 3076 -
858 3052 909 3095 10)
932 3051 1072 3085 Pausan.
1094 3050 1136 3093 11,
1159 3052 1209 3092 35,
1232 3051 1262 3083 2.
1295 3070 1334 3075 —
1368 3051 1419 3092 11)
1441 3049 1563 3083 Herod.
1585 3049 1642 3090 IV,
1665 3050 1738 3083 4032
1771 3067 1813 3073 —
1847 3050 1898 3092 12)
1920 3049 2060 3083 Pausan.
2082 3049 2108 3089 1,
2130 3050 2181 3084 43.
2205 3050 2233 3082 1.
2256 3065 2298 3072 —-

270 3099 322 3142 13)
344 3098 444 3133 Prell.
467 3099 491 3133 Ι.
514 3109 589 3144 pag.
608 3103 683 3136 199.
707 3113 799 3147 seqq.
1790 3146 1810 3178 2
