2666 3437
1303 141 1358 183 10

312 283 533 329 videamur,
548 282 683 331 etiam,
702 283 771 333 qui
787 287 928 322 nostra
946 287 1077 319 aetate
1094 281 1442 320 laude'doctriuae
1458 282 1757 321 subtilissimae
1773 287 1841 321 aut
1855 284 2073 322 floruerunt
2093 289 2160 322 aut
2178 285 2336 329 florent,

312 347 421 384 viros
445 346 586 384 doctos
616 347 847 385 audiamusf
882 348 940 383 Ex
956 346 1104 395 quibus
1124 348 1166 384 C.
1192 346 1475 385 &Muellerus
1493 345 1528 397 ¹)
1551 353 1588 384 et
1604 347 1700 385 God.
1724 347 1979 386 Hermannus
1995 346 2034 399 ²)
2061 348 2140 385 etsi
2166 360 2190 385 a
2216 349 2336 385 Creu·

313 423 406 464 zero
436 407 474 460 ⁸]
505 415 542 447 et
568 409 774 447 Moversio
807 407 847 459 ⁴]
877 409 936 447 ita
963 409 1228 456 dissentiunt,
1254 416 1297 448 ut
1323 409 1390 447 illi
1418 423 1534 449 sacra
1561 411 1659 448 deae
1689 413 1911 450 Taurorum
1941 426 1990 451 ex
2016 411 2103 449 vico
2133 413 2337 449 Brauron'e

313 473 356 511 in
387 474 683 512 Chersonesum
713 472 926 510 Tauricam
955 472 1121 510 venisse
1149 473 1371 519 affirment,
1410 472 1455 510 hi
1483 473 1579 511 deae
1614 473 1732 512 illius
1760 473 1921 513 lunaris
1948 475 1991 513 in
2019 475 2114 514 Asia
2141 473 2337 512 interiore

314 536 394 575 coli
421 535 568 573 solitae
597 546 715 573 sacra
744 548 790 574 ea
809 548 918 581 esse,
948 535 997 574 ad
1018 547 1113 574 oras
1133 536 1251 574 Ponti
1274 535 1422 574 Euxini
1450 535 1626 584 advecta,
1654 536 1696 574 in
1722 549 1769 575 eo
1790 542 1936 587 tamen,
1965 537 2071 588 quod
2089 537 2150 576 rei
2174 542 2337 575 nostrae

313 602 430 649 caput
460 602 534 643 est,
562 609 703 637 omnes
733 611 813 637 una
840 604 973 638 mente
1003 604 1041 637 et
1069 611 1164 637 voce
1193 598 1466 647 consentiunt,
1494 604 1537 638 ut
1559 601 1782 638 Taurorum
1806 600 1920 641 deam
1951 614 2038 642 cum
2058 600 2188 640 Diana
2213 600 2331 639 Grae·

312 663 471 710 corum,
510 662 575 699 cui
612 662 850 714 iphigeniae
882 675 1103 714 cognomen
1133 663 1213 710 sit,
1250 661 1463 700 concinere
1502 674 1548 700 ac
1588 674 1809 713 congruere
1837 670 1990 716 putent.
2057 663 2229 703 Prelleri
2256 661 2334 699 viri

311 727 541 764 doctissimi
570 727 672 763 adde
702 728 961 774 sententiam,
990 734 1029 764 et
1059 740 1140 764 rem
1165 728 1250 775 jam
1269 727 1491 763 confectam
1512 727 1825 777 exhaustamque
1853 740 1944 765 esse
1965 729 2038 766 tibi
2058 727 2338 781 persuadebis.

314 793 543 838 Cognomen
560 791 618 828 ait
640 789 693 841 ⁵),
719 792 824 840 quod
840 792 996 829 Dianae
1012 792 1136 828 suerit
1156 792 1351 829 Tauricae
1371 789 1425 840 ⁶),
1449 792 1564 828 deam
1587 792 1766 828 lunarem
1783 792 2024 838 significans
2045 795 2170 830 bobus
2193 792 2337 828 vehen-

312 860 391 892 tem
419 854 482 892 vel
511 867 662 893 comua
689 855 808 893 lunae
836 855 1011 893 taurinis
1040 855 1233 893 cornibus
1262 854 1417 893 similia
1443 853 1648 900 indicans,
1677 866 1723 892 eo
1753 855 1948 903 valuisse,
1973 861 2021 894 ut
2048 855 2099 894 ad
2128 855 2339 893 Tauricam

313 924 477 965 terram,
505 924 719 969 propterea
747 918 853 967 quod
883 919 1000 956 lunae
1025 918 1160 955 lumen
1189 918 1263 969 pro
1283 925 1460 968 tempore
1491 931 1514 954 a
1544 924 1761 967 conspectu
1789 924 1931 956 nostro
1960 917 2144 956 abstrahi
2172 917 2334 965 soleret,

313 981 430 1020 ‹leam
458 973 639 1020 lunarem
667 982 841 1020 Dianam
869 983 1113 1030 cognomine
1142 981 1394 1033 Iphigeniam
1423 981 1657 1019 subductam
1686 993 1779 1020 esse
1808 988 1965 1021 veteres
2000 984 2212 1033 fingerent.
2283 983 2334 1020 Ne

312 1045 459 1093 multa,
500 1045 577 1098 hoc
600 1045 685 1094 jam
714 1059 829 1084 nemo
859 1046 1042 1096 negabit,
1084 1059 1212 1097 neque
1241 1044 1493 1097 Iphigeniam
1523 1044 1690 1084 eandem
1719 1057 1813 1083 esse
1843 1058 1960 1095 quam
1989 1046 2176 1094 Dianam,
2203 1057 2331 1096 neque

314 1109 524 1155 Helenam,
553 1121 654 1158 quae
675 1109 719 1146 in
741 1109 904 1157 sabula,
925 1096 1184 1159 quanflmodo
1205 1110 1616 1157 commemoravimus,
1644 1114 1769 1147 mater
1790 1110 2026 1160 Iphigeniae
2047 1123 2139 1149 esse
2163 1110 2334 1156 dicatur,

315 1172 554 1221 cognatione
582 1172 814 1223 propinqua
842 1173 949 1210 hanc
976 1173 1147 1211 Dianam
1176 1172 1387 1221 attingere.
1446 1175 1569 1225 Quam
1608 1174 1657 1211 ob
1697 1185 1781 1211 rem
1809 1185 1890 1212 non
1927 1187 2091 1223 vereor,
2135 1187 2183 1212 ne
2221 1173 2340 1225 plane

318 1233 548 1272 inconsulte
572 1235 724 1273 fecisse
753 1235 905 1283 videar,
935 1235 989 1282 si,
1018 1248 1095 1285 qua
1119 1236 1257 1273 fabula
1289 1235 1443 1274 Helena
1470 1236 1515 1273 in
1538 1236 1705 1273 Atticam
1734 1221 1904 1274 abducta
1932 1236 2071 1286 ibique
2087 1235 2340 1287 Iphigeniam

315 1298 531 1348 peperisse
560 1298 745 1345 dicatur,
775 1312 821 1337 ea
851 1299 1080 1347 significari
1108 1300 1187 1338 hoc
1215 1300 1505 1345 contenderim,
1534 1300 1820 1349 antiquissimo
1843 1305 2021 1351 tempore
2050 1313 2167 1340 sacra
2188 1300 2341 1338 Dianae

312 1361 430 1399 illius
459 1361 639 1409 Orthiae,
669 1362 783 1409 cujus
804 1376 853 1400 ex
880 1362 1031 1413 templo
1046 1362 1200 1400 Helena
1224 1364 1352 1413 rapta,
1381 1369 1419 1402 et
1447 1376 1562 1401 sacra
1576 1363 1728 1402 Dianae
1749 1365 1796 1401 ab
1824 1364 1967 1402 Atticis
1997 1364 2142 1410 cultae,
2166 1364 2216 1402 ad
2241 1373 2341 1413 quos

315 1425 484 1462 abducta
514 1425 668 1462 Helena
695 1425 989 1476 perhiberetur,
1018 1426 1321 1464 necessitudine
1351 1427 1520 1477 quadam
1549 1427 1655 1465 inter
1684 1440 1728 1466 se
1758 1427 1996 1477 contigisse.
2062 1429 2171 1480 Quae
2201 1439 2339 1465 neces-

314 1487 448 1525 situdo
477 1501 523 1525 ac
553 1488 782 1535 conjunctio
812 1488 948 1537 qualis
977 1489 1124 1538 fuerit,
1152 1502 1272 1537 quum
1299 1503 1496 1538 quaeras,
1523 1504 1596 1541 pro
1626 1498 1735 1528 certo
1766 1491 1862 1540 quid
1890 1491 2087 1533 affirmet,
2117 1490 2256 1527 nescio
2287 1502 2339 1526 an

314 1564 430 1590 nemo
459 1551 618 1591 habeat.
686 1552 883 1602 Equidem
910 1551 986 1590 hoc
1014 1553 1239 1591 Pausaniae
1273 1551 1311 1604 ⁷)
1341 1554 1628 1603 dignissimum
1655 1555 1862 1602 duxerim,
1897 1555 2002 1604 quod
2043 1554 2263 1603 diligenter
2292 1566 2341 1590 ex

314 1615 524 1667 pendatur.
581 1615 751 1666 Signum
781 1616 888 1655 enim
916 1616 1069 1656 Dianae
1098 1617 1263 1656 Orthiae
1300 1631 1326 1657 a·
1353 1619 1567 1670 Spartanis
1595 1619 1699 1658 illud
1726 1618 1922 1658 creditum
1953 1622 2045 1658 esse
2075 1617 2189 1666 dicit,
2233 1617 2338 1668 quod

316 1695 336 1718 e
367 1681 541 1719 Taurica
569 1686 679 1719 terra
705 1682 756 1718 ab
785 1683 926 1720 Oreste
955 1688 993 1719 et
1021 1682 1233 1732 Iphigenia
1262 1689 1508 1734 asportatum
1524 1685 1666 1732 esset,
1693 1684 1813 1734 idque
1843 1696 1912 1721 cur
1936 1684 2060 1721 multo
2086 1681 2339 1734 probabilius

314 1743 558 1793 crederetur,
601 1757 719 1794 quam
745 1745 852 1795 quod
879 1745 1151 1785 Athenienses
1175 1746 1371 1793 dicerent,
1415 1746 1483 1796 qui
1510 1749 1758 1785 Branronem
1787 1745 1948 1795 signum
1975 1745 2079 1784 illud
2109 1746 2158 1784 ab
2186 1744 2341 1792 eisdem

312 1808 487 1846 delatum
505 1820 596 1846 esse
625 1808 789 1857 vellent,
818 1810 1068 1859 argumentis
1097 1811 1271 1860 probare
1288 1809 1432 1849 studet.
1472 1810 1618 1860 >Quam
1641 1810 1803 1860 quidem
1830 1809 2062 1861 opinionem
2087 1809 2126 1848 si
2143 1808 2236 1859 quis
2258 1821 2340 1847 non

314 1872 434 1922 plane
471 1871 734 1919 rejiciendam
779 1877 816 1910 et
846 1872 1139 1923 explodendam
1170 1886 1261 1911 esse
1291 1878 1474 1917 censeat,
1518 1887 1542 1912 a
1570 1874 1701 1913 sacris
1729 1874 1892 1912 Dianae.
1915 1887 1939 1911 a
1967 1873 2184 1924 Spartanis
2212 1872 2340 1910 cultae

314 1940 356 1972 ut
382 1934 675 1973 vetustioribus
703 1947 822 1974 sacra
849 1935 1006 1974 Dianae
1034 1935 1189 1975 Atticae
1219 1940 1284 1973 aut
1312 1941 1401 1974 orta
1438 1941 1476 1974 et
1503 1939 1682 1987 profecta
1710 1942 1777 1974 aut
1805 1942 1929 1975 aucta·
1949 1942 1988 1974 et
2016 1935 2151 1983 adjuta
2181 1946 2274 1973 esse
2302 1938 2343 1972 et

316 1996 435 2034 talem
465 1996 642 2046 aliquam
671 2010 753 2035 rem
775 1997 953 2036 Helenae
982 2004 1100 2048 raptu
1128 1997 1346 2036 iudicatam
1376 2011 1468 2037 esse
1497 2011 1571 2037 suo
1599 2000 1774 2037 fortasse
1798 1999 1890 2046 jure
1918 1998 2081 2036 dixerit.
2139 1997 2218 2036 Sed
2238 1997 2340 2035 haec

315 2059 523 2100 hacteuus.
556 2061 669 2117 ,Sunt
689 2061 852 2111 quidem
879 2061 963 2100 alia
989 2051 1202 2112 iluaedam,
1230 2062 1377 2113 quibus
1392 2062 1584 2101 Helenam
1614 2075 1701 2101 eum
1720 2062 1851 2101 Diana
1879 2062 2014 2101 lunari
2041 2061 2118 2100 dea
2131 2058 2171 2113 ⁸)
2195 2073 2325 2111 cogna

314 2123 424 2161 tione
456 2123 625 2172 quadam
655 2125 840 2174 proxima
868 2125 1121 2173 conjunctam
1151 2136 1242 2163 esse
1269 2125 1516 2172 declaretur,
1545 2125 1682 2163 omitto
1711 2130 1844 2162 tamen
1872 2130 1915 2163 ut
1941 2124 2095 2163 leviora
2115 2122 2177 2175 ⁹);
2209 2137 2258 2162 ex
2284 2124 2341 2162 iis

314 2186 436 2235 euim,
464 2201 564 2238 quae
592 2187 807 2239 proposita
835 2193 945 2234 sunt,
973 2187 1059 2228 nisi
1088 2202 1150 2227 me
1179 2188 1289 2228 fallit
1316 2189 1490 2236 animus,
1519 2201 1586 2228 res
1610 2190 1694 2238 jam
1724 2188 1827 2228 satis
1849 2188 2066 2240 perspicue
2081 2187 2341 2238 intelligitur.

419 2252 479 2290 En
497 2251 624 2290 habes
638 2251 833 2290 Helenam
858 2257 897 2290 et
916 2252 1066 2291 Veneri
1088 2252 1186 2291 deae
1209 2257 1247 2291 et
1270 2252 1424 2291 Dianae
1441 2258 1551 2291 arcta
1565 2251 1866 2305 propinquitate
1885 2252 2151 2301 conjunctam.
2206 2253 2342 2303 Itaque

314 2328 360 2352 eo
387 2315 627 2363 pervenisse
655 2315 849 2363 videmur,
878 2322 942 2362 ut,
971 2329 1089 2365 quam
1120 2316 1294 2352 Helenae
1325 2321 1503 2352 naturam
1531 2317 1573 2352 in
1603 2317 1766 2355 exordio,
1794 2315 1913 2363 hujus
1942 2316 2263 2356 commentarioli
2291 2316 2342 2353 ad

314 2377 443 2416 lucem
471 2377 725 2416 referendam
755 2391 848 2417 esse
878 2379 1080 2429 suspicati
1109 2391 1263 2426 sumus,
1292 2392 1378 2417 eam
1405 2379 1509 2418 nihi-l
1541 2380 1654 2418 aliud
1681 2393 1798 2429 quam
1819 2380 1950 2430 ipsam
1975 2380 2111 2418 lunam
2135 2379 2342 2419 declarare

308 2450 392 2498 jam
426 2454 501 2493 pro
539 2447 649 2480 certo
691 2447 730 2480 et
773 2442 980 2494 explorato
1023 2443 1175 2482 dicere.
1196 2443 1422 2495 ‘possimus
1499 2445 1630 2494 Neque
1662 2443 1727 2483 loe
1756 2444 1846 2483 loco
1868 2443 1973 2482 -illa
1997 2442 2240 2493 gravissima
2275 2454 2342 2482 res

312 2504 528 2554 praeteriri
556 2505 695 2554 debet,
733 2506 839 2556 quod
876 2507 1033 2546 Helena
1060 2507 1103 2545 in
1132 2505 1284 2547 fabulis
1313 2506 1534 2546 identidem
1563 2511 1676 2558 rapta
1701 2507 1951 2559 perhibetur.
1988 2508 2104 2545 -Nam
2132 2518 2235 2556 quae
2264 2506 2343 2545 vir·

313 2568 430 2618 gines
460 2575 527 2606 aut
554 2561 748 2608 mulierEs
776 2569 894 2609 modo
922 2570 962 2607 vi
998 2577 1138 2621 raptae
1167 2571 1287 2609 modo
1315 2583 1396 2608 non
1433 2571 1585 2609 invitae
1623 2571 1667 2608 in
1706 2570 1812 2609 alias
1853 2576 1982 2609 terras
2019 2570 2212 2625 abductae
2240 2581 2345 2611 ,esse

312 2644 359 2669 ac
387 2632 454 2669 diu
485 2632 730 2682 multumque
759 2645 921 2671 errasse
949 2633 1183 2681 traduntur,
1213 2634 1319 2671 velut
1345 2635 1627 2685 Jo,.Eur0pa,
1664 2634 1792 2680 aliae,
1829 2634 1886 2672 iis
1914 2633 2025 2684 ipsis
2051 2634 2216 2672 lunares
2245 2633 2341 2671 deas

312 2694 564 2744 significari,
606 2709 820 2746 earumque
873 2697 1186 2747 migrationibus
1223 2696 1476 2736 erroribusve
1518 2705 1701 2737 naturam
1747 2699 1865 2737 lunae
1904 2698 2022 2738 modo
2063 2697 2342 2737 evanescentis

312 2759 431 2799 modo
460 2759 667 2800 redeuntis
695 2760 739 2798 in
768 2760 962 2813 coeloque
991 2760 1111 2812 quasi
1140 2761 1315 2801 errantis
1344 2762 1526 2801 exhiberi
1554 2770 1866 2803 consentaneum
1895 2769 1971 2804 est

398 2852 430 2894 1)
453 2850 489 2883 C.
513 2851 552 2884 O.
576 2849 726 2884 Mueller
750 2851 977 2885 Orchomenos
999 2851 1068 2885 und
1091 2852 1144 2886 die
1166 2852 1304 2897 Minyer,
1327 2864 1401 2898 pag.
1418 2856 1489 2889 311.
1513 2876 1554 2881 -—
1575 2856 1607 2899 2)
1632 2856 1716 2890 God.
1739 2855 1903 2890 Hermann
1925 2855 1959 2889 in
1981 2855 2121 2889 Praefat.
2145 2853 2187 2886 ad
2208 2853 2309 2896 Eurip
2311 2853 2341 2886 i-

314 2894 366 2926 dis
388 2894 425 2935 lp
428 2894 483 2935 hig
485 2904 534 2926 en.
559 2894 689 2929 Tauric.
712 2905 785 2936 pag.
809 2895 850 2926 29
874 2905 966 2937 seqq.
1000 2914 1041 2919 ——
1074 2881 1522 2939 3)Creuzer.Symb01.11,
1602 2901 1673 2933 528
1704 2901 1885 2972 581.c01.11
1906 2900 1969 2931 387
1993 2905 2026 2931 et
2048 2899 2106 2931 IV
2129 2908 2160 2939 p
2185 2899 2256 2929 297.
2280 2898 2342 2929 310

314 2935 366 2968 ed.
390 2940 463 2968 tert.
486 2954 526 2960 —-
548 2937 580 2979 4)
603 2936 759 2977 Movere„
782 2937 843 2970 Die
865 2936 1003 2969 Phoniz.
1026 2936 1050 2968 Ι.
1073 2946 1149 2980 pag.
1172 2938 1242 2970 622.
1275 2956 1317 2962 --
1336 2932 1370 2981 ’5)
1393 2925 1528 2984 Preller,
1571 2941 1607 2984 ly
1611 2941 1691 2974 thol.
1712 2941 1743 2974 d.
1763 2940 1819 2974 Gr.
1945 2942 2016 2974 194.
2040 2959 2080 2965 —
2102 2933 2340 2982 6>Pausan.1‚

313 2979 363 3017 23,
378 2980 406 3010 7.
420 2979 495 3010 coll.
508 2978 563 3017 ΠΙ,
577 2980 626 3019 16,
640 2980 668 3010 7.
683 2979 916 3020 —6)Pausan.
929 2979 986 3020 111,
999 2980 1049 3018 16,
1063 2981 1091 3010 6.
1105 2980 1188 3020 —-8)
1202 2981 1267 3013 Cic.
1281 2981 1323 3012 de
1335 2988 1399 3013 nat.
1413 2983 1502 3015 deor.
1515 2966 1555 3022 il,
1568 2985 1618 3015 27.
1632 2985 1715 3025 -9>
1729 2940 1922 3022 Schweiicfl
1932 2984 2036 3024 Myth.
2051 2983 2081 3014 d
2096 2983 2181 3014 Sem
2194 2992 2226 3023 p.
2239 2981 2340 3013 28912.
