2666 3437
1250 102 1275 145 3

249 247 352 294 dem,
382 246 527 296 quibus
558 244 665 283 Leda
693 244 948 292 Graecorum,
988 244 1196 295 symbolis,
1232 251 1276 284 ut
1302 245 1362 285 ita
1390 245 1537 293 dicam,
1580 243 1796 296 signisque
1825 245 2047 298 conspicua
2082 243 2131 298 ¹).
2188 247 2276 298 Qua

250 323 299 346 ex
325 309 444 358 Lycia
472 314 577 346 terra
614 321 714 357 quae
752 307 796 344 in
824 307 1029 345 Graeciam
1068 313 1294 346 transvecta
1330 313 1425 347 sunt
1462 308 1634 347 aliorum
1675 308 1841 346 deorum
1886 309 2098 348 heroumve
2143 319 2275 357 sacra,

213 374 219 380 “
248 372 374 412 veluti
401 372 604 424 Apollinis
634 371 704 421 qui
732 371 883 410 dicitur
908 372 1034 422 Lycii,
1063 372 1213 421 Persei,
1254 372 1585 423 Bellerophontis
1620 368 1675 421 ²),
1717 385 1766 410 ex
1803 372 1998 411 luminum
2036 373 2273 411 coelestium

247 435 505 486 veneratione
534 433 733 484 originem
752 434 919 474 duxisse
940 440 1110 475 constat.
1152 435 1329 484 Accedit,
1356 436 1461 487 quod
1482 448 1626 476 nomen
1641 436 1770 476 Ledae
1793 449 1880 475 cum
1897 438 2017 476 Letus
2045 432 2274 487 [Latonae]

248 500 407 551 nomine
442 511 665 548 congruere
703 498 782 535 viri
815 498 924 537 docti
960 505 1103 550 putant
1135 496 1197 550 ⁸);
1228 501 1333 551 quod
1368 513 1488 551 quum
1523 501 1755 552 significare
1794 502 2046 549 „occultam“
2079 507 2118 539 et
2158 500 2275 539 deam

247 566 408 603 Noctem
437 564 526 602 sive
552 564 758 603 Tenebras
787 563 994 602 declarare
1024 564 1224 612 videatur,
1267 577 1390 615 quae,
1431 570 1475 604 ut
1502 565 1546 604 in
1574 577 1706 604 rerum
1736 570 1900 613 natura,
1941 565 1998 604 ita
2035 565 2079 604 in
2117 563 2273 605 fabulis

250 631 488 669 Graecorum
516 642 604 667 eum
634 628 724 666 luce
753 635 862 666 arcte
894 630 1137 666 cohaereant
1167 628 1228 679 ⁴),
1266 642 1314 666 en
1343 631 1469 668 habes
1497 630 1620 668 aliam
1648 642 1835 676 causam,
1864 641 1936 667 cur
1969 630 2097 667 Ledae
2128 641 2275 666 numen

245 705 269 732 a
296 692 386 732 luce
415 705 496 732 non
524 692 703 731 alienum
734 704 825 731 esse
854 692 1078 734 existimes,
1133 694 1208 733 Cui
1232 695 1294 733 rei
1323 692 1398 733 hoc
1427 708 1584 744 quoque
1615 694 1816 743 convenit,
1846 695 1951 744 quod
1980 694 2275 744 Aristophanes

246 758 405 794 Noctem
436 762 474 794 et
497 756 629 808 ipsam
660 768 773 794 ovum
799 756 1013 807 peperisse
1041 756 1144 795 dixit
1169 754 1222 809 ⁵).
1514 775 1532 794 a

352 821 529 859 Eandem
551 821 727 859 Helenae
748 827 945 868 naturam,
969 835 1086 872 quam
1105 829 1292 873 parentes
1312 827 1351 858 et
1364 824 1527 869 fratres,
1548 821 1735 859 Aethram
1755 827 1792 858 et
1808 821 2010 858 Electram
2028 821 2141 868 illas,
2169 831 2273 869 quae

243 885 287 923 in
302 884 604 935 antiquissimis
618 884 772 923 fabulis
788 890 827 923 et
851 884 1008 924 artibus
1027 885 1203 924 Helenae
1224 884 1392 925 comites
1414 898 1460 925 ac
1486 898 1624 924 servae
1647 885 1868 935 fingantur,
1892 884 2074 923 indicare
2100 898 2147 922 ex
2163 882 2272 935 ipsis

244 950 479 988 nominibus
499 950 758 1000 perspicuum
780 955 856 999 est,
883 962 1050 1000 quorum
1071 951 1238 988 alterum
1262 950 1411 989 Aethra
1439 950 1729 997 „serenitatem
1747 948 1893 996 coeli,“
1918 949 2086 987 alterum
2109 948 2271 986 Electra

248 1013 474 1062 „fulgorem
491 1012 624 1051 coeli“
636 1012 813 1051 declaret
832 1011 883 1063 ⁸).
913 1016 1126 1063 Utramque
1143 1012 1363 1052 Pausanias
1377 1012 1420 1049 in
1431 1012 1580 1050 tabulis
1595 1013 1684 1051 illis
1699 1012 1825 1062 pictis
1842 1023 2077 1062 expressam
2093 1010 2195 1048 vidit
2215 1008 2270 1060 ')‚

246 1076 391 1126 quibus
408 1076 665 1126 Polygnotus,
679 1088 858 1115 summus
875 1077 948 1115 ille
959 1078 1120 1125 artifex,
1134 1077 1313 1116 Leschen
1330 1088 1447 1126 quam
1461 1075 1604 1114 Graeci
1615 1076 1876 1114 nominabant
1894 1074 2136 1126 Delphicam
2154 1086 2269 1118 exer-2

245 1146 422 1186 naverat,
451 1140 555 1178 hanc
570 1141 770 1179 Electram
786 1142 962 1179 Helenae
978 1142 1164 1180 dominae
1187 1142 1362 1179 calceum
1381 1140 1669 1189 subligantem,
1683 1140 1868 1178 Aethram
1892 1139 2006 1177 illam
2028 1138 2199 1176 detonso
2218 1135 2271 1175 ad

247 1210 374 1242 cutem
396 1204 545 1256 capillo
571 1204 747 1244 Helenae
774 1205 893 1244 lateri
919 1206 1144 1258 proximam
1171 1212 1356 1247 stantem.
1383 1205 1532 1244 Eadem
1559 1205 1710 1243 Aethra
1734 1205 1777 1242 in
1807 1205 2038 1243 clarissima
2064 1203 2140 1241 illa
2169 1212 2270 1252 quae

246 1267 411 1319 Cypseli
438 1273 602 1307 vocatur
619 1281 724 1316 arca,
740 1270 950 1320 Polygnoti
970 1270 1121 1309 tabulis
1137 1276 1264 1309 aetate
1283 1269 1408 1308 multo
1424 1268 1632 1320 superiore
1650 1265 1704 1318 ⁸),
1736 1280 1782 1306 ea
1798 1267 1935 1318 specie
1952 1276 2146 1318 expressa
2160 1264 2269 1303 vide-

248 1331 377 1377 batur,
404 1337 446 1369 ut
470 1331 583 1382 pulla
598 1337 704 1371 veste
720 1333 860 1372 induta
874 1333 924 1371 ad
942 1334 1131 1383 Helenae,
1160 1334 1225 1372 cui
1248 1335 1398 1372 fratres
1421 1332 1599 1380 adstant,
1620 1332 1747 1383 pedes
1771 1331 1882 1369 humi
1901 1331 2056 1379 abjecta
2072 1335 2182 1369 esset
2215 1326 2268 1380 ⁸).

242 1393 390 1433 Addita
407 1401 491 1433 erat
507 1395 740 1447 inscriptio,
756 1397 1010 1447 Tyndaridas
1025 1397 1218 1437 Helenam
1232 1398 1441 1436 liberatam
1459 1397 1630 1436 Athenis
1646 1397 1851 1444 reducere,
1872 1396 2059 1434 Aethram
2077 1394 2122 1432 in
2141 1393 2268 1432 servi·

242 1462 364 1494 tutem
390 1458 639 1499 abstrahere.
667 1460 860 1508 Vulgaris
877 1460 981 1498 enim
1004 1462 1184 1500 narratio
1203 1467 1300 1507 erat,
1322 1473 1423 1512 quae
1438 1462 1561 1499 rebus
1588 1459 1731 1498 Atticis
1756 1458 2056 1509 antiquissimis
2079 1455 2271 1495 intertexi

242 1522 421 1571 solebat,
460 1535 483 1561 a
511 1523 696 1573 Theseo,
724 1524 1030 1564 Atheniensium
1058 1539 1176 1576 rege,
1211 1526 1399 1564 Helenam
1427 1530 1584 1575 raptam
1621 1536 1713 1562 esse
1751 1522 1818 1574 ¹⁰).
1889 1525 1987 1562 Nam
2014 1523 2198 1561 Theseus
2228 1527 2268 1558 et

242 1585 450 1625 Pirithous
479 1586 674 1626 Helenam
710 1588 887 1640 puellam
913 1588 983 1628 ubi
1010 1589 1116 1628 inter
1143 1590 1249 1629 alias
1274 1589 1434 1642 puellas
1470 1588 1516 1627 in
1551 1588 1701 1639 templo
1731 1587 1886 1626 Dianae
1927 1600 2028 1637 qnae
2058 1585 2266 1623 dicebatur

242 1648 409 1689 Orthiae
438 1651 655 1689 saltantem
684 1659 994 1702 conspexerunt,
1029 1653 1330 1704 pulchritudine
1370 1654 1459 1701 ejus
1496 1652 1603 1704 capti
1631 1661 1865 1703 rapuerunt,
1908 1657 2141 1702 raptamque
2179 1654 2267 1687 nter

240 1725 403 1751 uxorem
431 1713 613 1763 haberet,
641 1715 744 1753 sorti
772 1714 1067 1754 decernendum
1094 1717 1343 1766 reliquerunt
1369 1728 1418 1754 ea
1444 1716 1691 1764 conditione,
1720 1723 1774 1763 ut,
1820 1714 1901 1753 utri
1931 1714 2187 1762 contigisset,
2223 1712 2262 1749 is

238 1776 357 1814 alteri
385 1776 435 1817 ad
463 1777 584 1817 aliam
613 1791 776 1818 uxorem
802 1779 1023 1819 ducendam
1051 1781 1326 1831 opitularetur.
1394 1780 1554 1819 Theseo
1581 1793 1700 1831 quum
1730 1785 1839 1819 sorte
1870 1779 2097 1826 evenisset,
2137 1774 2258 1828 Aphi-

239 1841 357 1888 dnas,
384 1842 693 1883 Atheniensium
720 1844 763 1882 in
779 1844 922 1893 vicum,
951 1845 1160 1884 abductam
1188 1845 1306 1884 matri
1332 1845 1517 1894 Aethrae,
1545 1844 1695 1883 Pitthei
1722 1845 1832 1882 filiae
1863 1843 2049 1881 tuendam
2079 1840 2262 1888 tradidit,

238 1906 327 1955 ipse
357 1918 445 1945 cum
474 1907 670 1956 Pirithoo,
698 1913 741 1947 ut
768 1909 1051 1961 Proserpinam
1081 1922 1130 1947 ex
1155 1909 1302 1948 inseris
1330 1914 1570 1956 arcesseret,
1606 1908 1649 1945 in
1677 1908 1948 1946 Molossorum
1976 1911 2122 1943 terram
2151 1903 2265 1943 abiit.

239 1968 316 2019 Qui
342 1980 463 2018 quum
490 1970 595 2020 apud
622 1971 777 2009 inferos
806 1971 1088 2021 retinerentur,
1117 1973 1264 2010 Castor
1289 1977 1327 2010 et
1345 1972 1488 2012 Pollux
1516 1983 1603 2010 cnm
1625 1971 1803 2010 exercitu
1827 1969 1997 2009 Atticam
2028 1969 2263 2008 invaserunt

239 2038 278 2072 et
312 2032 570 2084 diripuerunt
606 2040 726 2085 atque
760 2037 999 2087 expugnatis
1026 2036 1229 2086 Aphidnis
1256 2048 1435 2074 sororem
1462 2036 1672 2074 liberatam
1703 2042 1743 2073 et
1770 2035 1956 2073 Aethram
1986 2032 2137 2071 Thesei
2175 2044 2258 2069 ma·

237 2102 338 2135 trem
355 2097 560 2148 ¹captivam
589 2099 850 2139 abduxerunt.
917 2101 1156 2139 Plutarchus
1185 2098 1333 2139 multos
1360 2111 1442 2138 non
1470 2099 1674 2138 Theseum
1702 2098 1852 2150 ipsum,
1893 2097 1965 2136 sed
1994 2098 2190 2146 Lynceum
2219 2099 2259 2132 et

236 2160 361 2208 Idam,
396 2162 575 2212 Apharei
602 2164 802 2201 Messenii
833 2164 961 2212 filios,
989 2164 1177 2215 rapuisse
1205 2164 1396 2201 Helenam
1424 2163 1559 2201 dicere
1588 2163 1714 2210 addit,
1742 2176 1766 2200 a
1794 2163 1939 2212 quibus
1966 2161 2154 2199 Theseus
2179 2158 2259 2197 fide

238 2222 347 2273 data,
377 2236 427 2262 ne
448 2225 651 2275 Tyndarei
677 2226 781 2265 filiis
809 2228 1118 2278 reposcentibus
1139 2227 1337 2274 redderet,
1363 2227 1670 2265 custodiendam
1689 2227 1930 2277 accepisset,
1985 2224 2096 2275 Apud
2118 2224 2259 2260 Home·

237 2295 325 2325 rnm
352 2288 434 2326 etsi
460 2289 639 2327 Helenae
667 2302 691 2328 a
720 2290 879 2329 Theseo
915 2295 1053 2342 raptae
1080 2290 1232 2329 mentio
1259 2302 1339 2329 non
1367 2290 1413 2328 fit
1448 2288 1528 2341 ⁸⁸),
1565 2296 1698 2329 tamen
1727 2290 1873 2328 Aethra
1896 2288 2086 2338 quaedam
2110 2285 2263 2324 Pitthei

237 2349 324 2389 filia
349 2351 456 2391 inter
483 2353 659 2392 ancillas
678 2353 856 2393 Helenae
884 2359 1229 2401 commemoratur,
1256 2367 1332 2405 qua
1353 2355 1400 2394 in
1420 2368 1465 2393 re
1488 2354 1595 2393 sicut
1618 2353 1850 2391 memoriam
1872 2351 2025 2403 prioris
2050 2348 2259 2397 cujusdam

237 2414 411 2463 fabulae,
439 2416 496 2455 ita
523 2417 795 2468 posteriorum
821 2418 1123 2457 fundamentum
1150 2417 1283 2458 fuisse
1309 2424 1416 2458 recte
1440 2418 1659 2467 judicatur.
1715 2416 1795 2456 Sed
1832 2421 2037 2464 utcunque
2066 2426 2134 2453 res
2163 2425 2259 2453 sese

322 2561 351 2601 1)
376 2561 478 2595 Prell.
500 2562 542 2603 11,
565 2564 615 2595 64.
651 2564 840 2604 Schwenck‚
871 2564 1012 2606 Mythol.
1035 2564 1067 2595 d.
1090 2563 1221 2596 Griech.
1251 2572 1324 2605 pag.
1348 2564 1399 2595 98.
1437 2562 1574 2602 Curtius,
1597 2572 1670 2604 pag.
1694 2563 1765 2593 149.
1789 2580 1828 2585 —
1850 2562 1881 2602 2)
1904 2560 2005 2592 Prell.
2028 2560 2053 2594 Ι,
2084 2561 2143 2591 161
2168 2568 2261 2602 seqq,

236 2622 276 2663 11,
301 2624 350 2664 50,
375 2625 426 2657 54.
449 2646 490 2651 —
512 2628 544 2671 3)
565 2627 666 2660 Preu.
689 2627 730 2668 Π,
753 2628 803 2669 64,
826 2632 892 2661 not.
916 2629 945 2661 3.
969 2627 1150 2661 schwenek
1171 2626 1196 2668 1,
1220 2628 1290 2660 109.
1312 2646 1353 2651 -
1376 2628 1407 2669 4)
1428 2627 1505 2659 Hes.
1529 2626 1652 2668 Theog.
1677 2626 1753 2657 123:
1786 2614 1937 2662 Νυκτὸς
1964 2611 2103 2656 δἀὗτ’
2132 2613 2263 2669 Αἰθήρ

235 2692 277 2718 τε
307 2680 376 2718 καὶ
396 2680 550 2735 ἹΙμέρη
578 2682 803 2734 ἐξεγένοντο.
833 2692 887 2724 cfr.
908 2691 1008 2724 Prell.
1028 2691 1052 2731 I,
1076 2692 1126 2724 31.
1150 2710 1191 2715 —-
1213 2692 1244 2733 5)
1269 2685 1395 2721 Τίκτει
1422 2685 1575 2733 πρῶτον
1602 2680 1819 2733 ὖπήνέμιον
1845 2678 1923 2733 ᾠὸν
1949 2678 2027 2725 νύξ.
2058 2689 2115 2721 cfr.
2138 2690 2261 2722 Athen.

244 2740 285 2781 II,
309 2742 360 2781 57,
382 2742 420 2773 Ε.
444 2760 485 2766 —-
507 2745 537 2785 6)
562 2744 616 2776 cfr.
641 2745 824 2777 Schwenck
845 2745 868 2783 Ι,
891 2754 967 2787 pag.
989 2746 1061 2776 107.
1083 2744 1183 2776 Prell.
1205 2744 1249 2785 Π,
1270 2744 1317 2775 76.
1340 2748 1407 2775 not.
1429 2742 1612 2781 Buttmann,
1635 2742 1777 2784 Mythol.
1799 2741 1839 2782 II,
1862 2751 1935 2785 pag.
1952 2742 2024 2774 354.
2048 2761 2089 2765 —-
2112 2743 2143 2784 7)
2165 2742 2261 2774 Paus.

243 2793 287 2834 X,
309 2794 360 2835 25,
384 2795 413 2827 2.
439 2813 477 2819 -
501 2796 532 2838 8)
554 2797 684 2838 Miiller,
706 2797 889 2830 Handbuch
911 2798 943 2831 d.
966 2797 1197 2840 Archfiologie,
1219 2807 1293 2839 pag.
1315 2797 1365 2829 35.
1388 2815 1429 2821 —-
1450 2797 1481 2837 9)
1504 2795 1642 2827 Pausan.
1664 2795 1707 2834 V,
1720 2796 1769 2829 19,
1794 2796 1822 2827 1.
1846 2814 1887 2819 -
1910 2796 1961 2836 10)
1983 2795 2148 2827 Plutarch.
2162 2795 2260 2828 Thes.

238 2848 289 2878 31.
313 2847 435 2879 Herod.
458 2846 521 2888 IX,
544 2851 594 2882 73.
629 2849 769 2883 Pausan.
792 2850 832 2890 Π,
856 2852 905 2891 72,
929 2852 958 2883 7.
991 2850 1090 2882 Isocr.
1113 2849 1186 2882 nel.
1211 2859 1335 2883 encom.
1358 2851 1387 2881 9.
1421 2848 1541 2880 Athen.
1564 2847 1655 2887 xm,
1678 2849 1707 2879 4.
1741 2848 1903 2889 Apollod.
1925 2847 1981 2885 111.
2006 2849 2054 2886 10,
2078 2849 2107 2879 7.
2152 2847 2261 2888 Quint.

237 2899 364 2942 Smyrn.
387 2894 559 2934 Posthom.
582 2903 633 2944 13,
656 2904 718 2938 519
740 2912 833 2947 seqq.
878 2903 1038 2947 Apollon.
1060 2902 1169 2936 Rhod.
1191 2902 1216 2943 1,
1250 2903 1320 2935 101.
1343 2913 1371 2936 c.
1394 2901 1496 2934 schol.
1520 2900 1630 2933 Schol.
1654 2901 1697 2933 ad
1718 2900 1813 2933 Hom.
1836 2900 1874 2933 11.
1898 2901 1954 2940 111,
1977 2901 2038 2932 144
2061 2908 2176 2933 causas
2198 2899 2261 2932 sihi

237 2952 416 2985 afferendas
440 2961 513 2986 esse
534 2958 637 2997 putat,
672 2966 728 2989 cur
751 2956 885 2998 Aethra,
918 2956 1040 2990 Thesei
1061 2961 1175 2997 mater,
1208 2956 1351 2988 Helenae
1375 2954 1496 2988 servire
1519 2963 1584 2987 non
1606 2954 1761 2996 potuerit.
1797 2973 1835 2978 ——
1871 2955 1921 2995 11)
1945 2953 2054 2986 schol.
2079 2953 2122 2986 ad
2142 2953 2179 2986 n.
2204 2952 2260 2998 ΙΙΙ,

236 3006 306 3046 626,
330 3006 405 3038 coll.
428 3006 499 3038 144.
2220 3019 2223 3022 ·
