2666 3437
1323 151 1349 193 6

327 303 433 340 Casu
462 299 567 337 enim
596 311 643 336 ac
671 296 836 335 fortuito
864 295 954 333 fieri
982 307 1061 332 non
1090 296 1244 346 potuit,
1274 301 1329 343 ut,
1358 307 1457 344 quae
1485 293 1530 331 in
1557 291 1732 329 Helenae
1761 293 1949 333 mortalis
1978 294 2072 342 vita,
2102 294 2240 345 qualis
2263 295 2348 342 jam

327 366 376 402 ab
406 363 574 400 Homero
604 360 808 412 descripta
838 364 922 406 est,
960 358 1049 396 loca
1077 370 1123 396 ac
1151 358 1341 406 regiones
1381 361 1763 403 commemorantur,
1804 358 1942 396 eadem
1979 359 2174 410 pleraque
2216 358 2347 396 sacris

327 427 526 474 Veneris,
569 426 653 465 sive
684 425 923 462 Graecorum
953 422 1066 459 deam
1097 422 1182 460 sive
1210 422 1452 461 Phoenicum
1479 426 1663 461 Astarten
1692 420 1823 469 dicis,
1859 423 2044 473 insignia
2071 435 2116 460 ac
2152 423 2349 472 religiosa

332 496 483 529 essent.
537 490 595 526 Ex
622 486 692 525 his
729 490 890 537 praeter
923 490 1055 522 cetera
1084 486 1240 524 Cranae
1282 485 1417 524 insula
1458 484 1703 523 nominanda
1739 491 1821 534 est,
1864 499 1942 525 una
1978 499 2065 526 cum
2100 486 2348 525 coiitinentis

325 561 454 593 terrae
495 552 665 591 adverso
707 550 828 589 litore
858 549 1006 587 Veneri
1045 550 1140 588 deae
1179 550 1334 597 dicata,
1362 549 1412 588 ad
1453 562 1570 601 quam
1608 549 1779 601 primam
1808 551 1924 590 Paris
1959 557 1997 590 et
2025 551 2175 590 Helena
2204 552 2348 601 Sparta

326 616 498 670 profecti
542 627 663 654 naves
692 613 907 666 appulisse
936 615 1119 652 feruntur
1155 611 1207 665 ¹).
1262 614 1460 653 Similiter
1488 624 1626 651 omnes
1654 614 1740 651 sere
1778 614 1885 652 aliae
1923 615 2136 664 regiones,
2173 614 2216 652 in
2244 626 2345 664 quas

322 682 474 720 Helena
511 685 577 718 aut
605 679 770 726 Trojam
806 683 948 730 petens
988 689 1076 716 cum
1106 678 1249 716 Paride
1288 683 1354 716 aut
1382 678 1504 726 Troja
1544 683 1751 717 revertens
1791 691 1880 716 cum
1907 680 2092 718 Menelao
2135 680 2346 717 aberrasse

325 750 363 782 et
390 744 611 783 devertisse
642 743 749 781 dicta
767 749 842 791 est,
871 742 1048 781 coloniis
1069 742 1311 780 Phoenicum
1334 747 1597 780 mercatorum
1617 747 1654 779 et
1671 744 1851 781 Astartes
1876 742 1962 781 sive
1981 743 2155 782 Veneris
2174 742 2345 782 Uraniae

326 809 457 848 sacris
481 808 664 856 insignia
697 813 825 857 erant,
853 807 957 845 velut
980 807 1061 844 Nili
1091 806 1241 845 ostium
1262 805 1503 856 Canopicum
1521 834 1531 853 ‚
1559 804 1628 842 ubi
1656 805 1810 843 Helena
1835 817 1923 843 cum
1953 806 2138 845 Menelao
2162 804 2346 844 adversis

323 872 455 911 ventis
484 878 640 910 retenta
670 869 709 922 ²]
739 877 817 919 est,
845 871 951 908 velut
977 872 1131 920 Cyprus
1160 877 1199 908 et
1228 869 1441 916 Phoenice,
1470 868 1573 907 aliae
1603 874 1750 912 terrae,
1777 881 1880 918 quas
1910 882 2053 909 errans
2083 883 2171 908 cum
2194 869 2340 908 Paride

325 936 461 983 attigit
493 934 546 986 ¹),
576 942 783 987 postremo
813 934 940 972 Sidon
969 934 1181 985 oppidum,
1217 933 1320 971 unde
1356 932 1473 971 Paris
1501 931 1693 969 mulieres
1730 931 1830 971 illas
1867 933 2060 972 textrices
2089 932 2252 972 abduxit
2281 931 2337 982 ⁴).

317 1002 454 1051 ltaque
471 1000 698 1039 Herodotus
720 997 774 1048 ⁵),
802 1011 936 1037 rerum
965 997 1143 1049 scriptor
1169 997 1458 1049 peritissimus,
1487 997 1622 1035 fanum
1651 995 1770 1045 illud,
1798 997 1903 1047 quod
1919 998 2150 1049 Memphide
2172 997 2343 1036 Veneris

323 1065 562 1116 peregrinae
593 1063 754 1101 nomine
782 1063 944 1101 illustre
973 1062 1089 1107 vidit,
1119 1075 1238 1111 quum
1266 1074 1309 1099 re
1337 1073 1428 1097 vera
1444 1064 1625 1097 Astartes
1654 1059 1764 1102 deae,
1794 1072 1818 1097 a
1846 1060 2122 1099 Phoenicibus
2150 1065 2341 1098 mercato-

325 1127 440 1166 ribus
470 1127 615 1174 cultae,
646 1131 754 1165 esset
776 1122 831 1176 ⁸),
860 1124 1037 1163 Helenae
1057 1136 1215 1164 sacrum
1240 1136 1331 1164 esse
1353 1123 1558 1175 suspicari
1578 1124 1722 1174 potuit,
1750 1136 1879 1173 neque
1901 1125 2010 1162 omni
2035 1138 2083 1162 ex
2102 1132 2213 1176 parte
2237 1125 2343 1162 falso

319 1203 407 1228 eum
430 1190 638 1238 judicasse
667 1202 757 1227 mox
785 1188 1081 1239 intelligemus.

427 1270 538 1315 Nam,
567 1268 672 1317 qnod
702 1267 917 1306 maximum
948 1274 1023 1314 est,
1054 1267 1189 1304 eadem
1220 1267 1282 1304 vel
1312 1267 1465 1305 similia
1493 1267 1683 1314 Helenae,
1714 1279 1759 1305 ac
1781 1267 1947 1314 Veneri,
1976 1279 2095 1307 sacra
2124 1267 2344 1307 constituta

323 1345 415 1372 esse
444 1332 687 1372 invenimus.
756 1333 870 1371 Sicut
899 1332 1005 1370 enim
1032 1332 1075 1369 in
1102 1332 1239 1370 insula
1268 1332 1408 1370 Rhodo
1436 1332 1582 1369 Veneri
1609 1331 1843 1369 Dendritidi
1880 1344 1996 1370 sacra
2024 1332 2113 1369 fieri
2143 1332 2343 1379 solebant,

321 1396 381 1434 ita
408 1397 584 1434 Helenae
615 1395 871 1443 Dendritidi,
900 1394 976 1433 hoc
1005 1401 1068 1434 est
1096 1395 1309 1443 Arboreae,
1336 1396 1471 1434 sanum
1499 1395 1620 1435 iidem
1647 1394 1798 1435 Rhodii
1826 1394 2110 1434 dedicaverant
2133 1394 2187 1446 ⁷).
2236 1397 2344 1447 Quae

321 1473 439 1498 sacra
467 1466 695 1511 comparata
723 1472 812 1498 cum
841 1460 896 1497 iis
913 1488 924 1507 ,
961 1459 1106 1509 quibus
1134 1461 1271 1497 Venus
1300 1459 1373 1496 illa
1400 1458 1600 1511 ἱεροκηπὶς
1641 1458 1749 1497 (licta
1776 1458 1820 1496 in
1858 1458 1996 1497 insula
2025 1458 2184 1510 Papho,
2213 1459 2276 1496 vel
2303 1456 2345 1497 ἐν

320 1521 459 1577 κήποις
501 1524 786 1573 cognominata
834 1524 1005 1562 Athenis
1045 1524 1253 1561 colebatur
1287 1521 1351 1574 ⁸),
1401 1522 1478 1560 etsi
1527 1522 1629 1560 satis
1671 1522 1812 1560 facilia
1853 1521 2055 1573 explicatu
2098 1522 2205 1569 sint,
2251 1535 2344 1560 vera

322 1595 454 1626 tamen
482 1589 586 1626 ratio
616 1594 683 1627 aut
711 1594 885 1626 veterum
913 1586 1116 1626 hominum
1145 1588 1337 1625 memoria
1365 1586 1486 1637 plane
1515 1586 1663 1624 excidit
1691 1592 1757 1625 aut
1784 1587 2011 1625 fabularum
2048 1586 2341 1634 integumentis

322 1651 510 1690 obvoluta
551 1652 731 1701 miroque
769 1651 886 1690 modo
929 1651 1140 1689 obscurata
1170 1657 1244 1689 est.
1314 1650 1464 1688 Rhodii
1500 1650 1606 1688 enim
1647 1657 1749 1689 teste
1778 1651 1979 1690 Pausania
2014 1648 2068 1700 ⁹),
2113 1651 2343 1702 Therapnis

323 1728 451 1766 prope
482 1717 665 1767 Spartam
702 1713 758 1764 ¹⁰)
787 1715 832 1753 in
858 1714 1035 1753 Menelai
1064 1714 1234 1765 templo,
1264 1726 1365 1764 quae
1394 1713 1575 1761 vulgaris
1614 1714 1754 1766 opinio
1784 1719 1891 1763 erat,
1920 1714 2113 1754 Helenam
2142 1715 2342 1767 sepultam

321 1792 412 1818 esse
428 1785 637 1828 negantes,
668 1782 808 1818 Oreste
829 1779 947 1817 etiam
968 1784 1049 1816 tum
1070 1786 1227 1816 errante
1248 1792 1270 1816 a
1292 1779 1516 1816 Nicostrato
1538 1784 1575 1816 et
1598 1780 1866 1830 Megapenthe
1893 1777 1950 1831 ¹⁸)
1980 1779 2113 1831 patria
2135 1780 2342 1830 expulsam

320 1841 368 1879 ad
397 1842 543 1892 Polyxo
573 1842 846 1880 necessariam
875 1842 1058 1880 Rhodum
1088 1841 1250 1879 venisse
1281 1841 1506 1896 narrabant.
1560 1841 1671 1880 Hanc
1700 1842 1860 1891 Polyxo,
1890 1848 1928 1879 et
1955 1843 2088 1892 ipsam
2117 1842 2238 1890 Argis
2258 1842 2338 1879 ori·

318 1905 478 1952 undam,
495 1906 771 1957 Tlepolemum
788 1905 997 1954 conjugem
1013 1905 1057 1943 in
1073 1905 1238 1943 exilium
1257 1910 1432 1943 secutam
1464 1902 1520 1957 ¹¹]
1550 1917 1642 1944 esse
1661 1917 1707 1944 ac
1734 1911 1826 1943 tunc
1846 1905 2006 1956 quidem
2022 1905 2211 1957 suscepta
2227 1904 2342 1957 parvi

318 1968 395 2006 filii
424 1970 550 2006 tutela
576 1970 618 2006 in
647 1970 786 2007 insula
815 1980 1020 2017 regnasse.
1076 1970 1185 2020 Quae
1214 1981 1333 2018 quum
1355 1968 1399 2005 in
1426 1973 1624 2019 potestate
1654 1968 1845 2007 Helenam
1874 1969 2055 2016 haberet,
2083 1973 2125 2007 ut
2154 1967 2342 2019 conjugis

322 2037 487 2070 mortem
517 2032 803 2078 ulcisceretur,
840 2031 1066 2070 immisisse
1095 2031 1138 2069 in
1166 2031 1365 2070 lavantem
1396 2044 1533 2071 servas
1561 2033 1771 2072 Furiarum
1800 2035 1939 2085 specie
1966 2033 2129 2072 indutas
2147 2062 2157 2081 ,
2195 2044 2343 2088 easque

324 2095 653 2146 comprehensam
670 2096 712 2132 in
729 2095 868 2133 arbore
885 2094 1154 2146 suspendisse
1172 2101 1210 2133 et
1225 2096 1394 2135 necasse
1418 2093 1486 2147 ⁸³).
1513 2100 1639 2148 Atque
1653 2097 1774 2146 hujus
1790 2096 1851 2136 rei
1862 2098 2054 2137 memoria
2068 2110 2118 2136 ne
2139 2095 2342 2136 oblivione

321 2156 534 2206 deleretur,
565 2159 742 2197 Helenae
774 2158 999 2196 Dentritidi
1028 2159 1217 2210 templum
1247 2167 1523 2199 consecratum
1552 2171 1657 2201 esse.
1721 2162 1808 2213 Qua
1835 2161 1878 2199 in
1908 2161 2142 2200 narratione
2173 2160 2211 2199 si
2241 2159 2340 2210 quid

323 2222 408 2259 veri
437 2222 562 2270 inest,
591 2223 698 2262 nihil
723 2223 835 2261 aliud
852 2235 945 2262 esse
974 2224 1097 2262 facile
1118 2223 1388 2268 intellexeris.
1418 2238 1535 2276 quam
1556 2238 1579 2264 a
1599 2225 1833 2277 Tlepolemo
1854 2225 2000 2275 Argivo
2023 2237 2140 2264 sacra
2163 2224 2342 2263 Helenae

323 2300 369 2325 ex
399 2288 682 2339 Peloponneso
711 2289 894 2327 Rhodum
923 2293 1151 2327 transvecta
1182 2301 1287 2337 esse,
1316 2289 1357 2327 id
1387 2290 1566 2340 quod.eo
1585 2290 1840 2342 probabilius
1868 2290 2040 2340 videtur,
2070 2303 2189 2341 quum
2210 2288 2342 2338 Lindi,

403 2440 433 2480 1)
457 2439 550 2472 Hom.
574 2439 611 2473 11.
636 2440 692 2477 ΙΙΙ,
716 2442 786 2474 445.
811 2441 948 2475 Pausan.
972 2442 1026 2480 ΙΙΙ,
1049 2444 1098 2475 22.
1124 2444 1151 2475 1.
1178 2463 1214 2467 —
1238 2444 1268 2485 2)
1292 2443 1386 2475 Hom.
1410 2443 1470 2475 Od.
1495 2443 1551 2484 IV,
1575 2444 1646 2476 227.
1677 2463 1718 2468 -
1744 2444 1774 2485 3)
1805 2443 1901 2476 Hom.
1933 2443 1995 2476 Od.
2025 2442 2085 2475 IV.
2115 2443 2157 2474 84
2188 2451 2279 2485 seqq.
2303 2460 2343 2465 —

324 2493 352 2532 4)
375 2491 412 2523 11.
437 2492 494 2526 VI.
517 2494 579 2525 290
602 2504 694 2537 seqq.
717 2513 758 2517 —
781 2496 812 2536 5>
825 2495 945 2527 Herod.
969 2496 1009 2535 11,
1033 2497 1103 2527 112.
1129 2506 1220 2538 seqq.
1238 2514 1276 2518 —
1291 2498 1322 2537 6)
1340 2495 1450 2527 Horat.
1474 2495 1608 2536 Od.111,
1631 2497 1738 2533 26,10
1755 2495 1796 2528 de
1819 2495 1951 2528 Venere
1976 2496 2041 2528 hoc
2056 2495 2172 2527 habet:
2197 2495 2245 2535 ..0
2259 2503 2343 2538 quae

328 2542 456 2577 beatam
479 2545 557 2578 diva
578 2550 671 2580 tenes
693 2547 839 2591 Cyprum
861 2552 895 2582 et
916 2549 1119 2592 Memphim*
1167 2549 1292 2585 Strabo.
1316 2547 1423 2588 XVII.
1447 2559 1520 2591 pag.
1544 2551 1615 2582 804.
1661 2549 1851 2588 Schwenck,
1875 2548 2017 2590 Mythol.
2042 2549 2073 2580 d.
2097 2549 2242 2589 Aegypt.
2265 2557 2341 2588 pag.

324 2597 373 2627 30.
406 2597 507 2628 Prell.
530 2598 570 2632 II.
593 2600 642 2629 75.
667 2618 705 2622 -
730 2601 760 2638 7)
784 2600 1009 2639 Wachsmuth,
1034 2602 1162 2633 Hellen.
1186 2601 1421 2633 Alterthumsk.
1444 2601 1484 2640 11,
1507 2602 1536 2638 2,
1560 2611 1633 2644 pag.
1658 2602 1729 2633 192.
1750 2601 1834 2643 -8)
1858 2601 1997 2633 Pausan.
2021 2600 2045 2642 1,
2069 2601 2119 2642 29,
2142 2601 2172 2632 2.
2196 2599 2219 2639 1,
2242 2600 2292 2641 27,
2312 2600 2342 2631 3-

323 2658 422 2691 Prell.
434 2659 458 2693 1.
471 2661 641 2704 217.-9)
662 2662 921 2704 Pausan.lll.19,
946 2666 975 2697 9.
996 2675 1087 2708 seqq.
1110 2684 1152 2690 ·-
1176 2667 1226 2707 10)
1249 2666 1387 2698 Pausan.
1409 2664 1463 2702 ΙΙΙ,
1489 2667 1537 2698 19.
1561 2667 1596 2706 9;
1620 2666 1761 2707 Hesych.
1784 2665 1804 2697 i.
1828 2676 1859 2697 v.
1883 2656 2033 2695 Ἑλὲνια
2062 2670 2094 2697 et
2133 2659 2344 2707 Θεραπνα-

322 2716 432 2753 τίδια.
460 2724 555 2757 Isoer.
581 2725 651 2757 Hel.
676 2736 801 2759 encom.
826 2729 874 2759 17.
899 2728 953 2760 cfr.
977 2729 1013 2760 E.
1039 2729 1178 2766 Curtius,
1204 2729 1449 2773 Peloponnesos
1471 2727 1678 2768 11,‘236‚240.
1702 2728 1875 2769 Ilermann,
1899 2728 2049 2762 Gottesd.
2062 2729 2202 2761 Alterth.
2216 2728 2248 2761 S.
2271 2729 2342 2761 278.

321 2778 372 2818 11)
396 2776 540 2809 Menelai
562 2779 653 2817 filiis,
685 2779 739 2811 cfr.
764 2780 888 2812 Hesiod
910 2782 1021 2822 fragm.
1045 2784 1114 2816 113.
1139 2784 1180 2815 ed
1204 2783 1379 2824 Goettling.
1403 2782 1496 2813 Hom.
1520 2782 1573 2813 od.
1596 2781 1654 2820 IV,
1678 2783 1726 2813 11.
1749 2781 1887 2814 Pausan.
1910 2781 1950 2821 Π,
1974 2783 2023 2817 18,
2052 2783 2081 2814 6.
2105 2780 2264 2824 Apollod.
2286 2780 2343 2813 111.

327 2830 373 2870 11,
396 2831 426 2871 1,
450 2830 560 2862 schol.
583 2831 721 2864 Theocr.
747 2834 796 2873 18,
820 2834 870 2865 45.
894 2853 934 2857 —
957 2835 1008 2876 12)
1030 2834 1237 2877 Licymnium
1259 2839 1410 2878 patruum
1431 2835 1527 2878 Argis
1550 2835 1763 2875 interfecerat,
1786 2835 1977 2874 Hom.11.11‚
2001 2836 2072 2875 663,
2096 2845 2186 2878 seqq.
2209 2834 2344 2877 Trojam

325 2894 444 2926 deinde
467 2896 633 2936 profectus
656 2906 676 2927 a
697 2897 887 2939 Sarpedone
911 2899 1036 2930 occisus
1059 2904 1116 2934 est,
1140 2899 1234 2930 Hom.
1257 2895 1346 2935 11.11,
1371 2899 1430 2930 653
1453 2908 1543 2942 seqq.
1568 2919 1607 2923 -
1631 2900 1681 2941 13)
1697 2888 1874 2944 εΕαυίήν
1897 2889 2215 2943 α’πῆγξενΕλὲνη,
2255 2887 2341 2920 ΡῐΟῙ·

323 2946 430 2988 Heph.
464 2947 546 2981 Nov.
570 2948 644 2981 hist.
668 2948 726 2981 lv.
750 2950 937 2990 (Westerm.
961 2951 1125 2993 Mythogr.
1148 2962 1182 2993 p.
1207 2952 1277 2991 189)
1302 2951 1465 2992 Atragicis
1498 2952 1606 2993 poetis
1638 2952 1783 2984 fabulam
1810 2953 1895 2984 hanc
1918 2952 2134 2994 compositam
2157 2960 2243 2983 esse.
2279 2960 2343 2992 qua

326 3000 406 3032 illud
440 3001 628 3051 δράσαντι
657 3006 823 3049 nemeae,
852 3003 943 3045 quod
966 3004 998 3034 iu
1022 3013 1078 3035 ore
1102 3004 1274 3039 habebant,
1299 3003 1500 3045 probaretur.
1524 3009 1779 3038 consentaneum
1801 3009 1859 3037 est.
