2666 3437
1265 92 1291 133 7

275 245 391 284 quam
420 234 557 271 urbem
585 243 673 271 cum
701 232 855 271 duabus
894 233 991 271 aliis
1026 233 1222 270 Homerus
1250 244 1273 270 a
1301 232 1533 284 Tlepolemo
1571 232 1769 271 conditam
1810 225 1901 272 es‘se
1930 233 2028 272 dicit
2065 232 2123 286 ¹),
2166 235 2285 273 etiam

274 297 357 336 alio
384 296 546 337 nomine
575 297 767 337 Helenam
797 297 943 336 cultam
971 310 1062 337 esse
1091 296 1308 337 videamus.

379 363 464 400 Jam
479 363 518 401 si
532 362 845 412 respexerimus,
873 374 974 412 quae
997 362 1192 399 hactenus
1211 359 1421 411 proposita
1436 364 1543 406 sunt,
1571 365 1636 397 aut
1651 360 1811 399 animus
1828 373 1889 398 me
1898 358 2013 399 'fallit
2028 367 2096 399 aut
2109 361 2286 399 Helenae

274 426 371 465 deae
407 432 589 466 naturam
625 426 675 464 ad
703 426 875 465 Veneris
903 426 1082 465 indolem
1108 417 1289 477 proicime
1317 424 1505 462 accedere
1534 423 1636 462 satis
1664 424 1819 474 liquido
1857 432 1975 476 patet.
2037 425 2165 464 Aliam
2201 437 2287 463 eam

275 490 392 541 quasi
411 490 610 542 quandam
624 491 795 531 Veneris
816 491 1035 541 imaginem
1053 503 1101 529 ac
1122 490 1290 529 formam
1301 501 1393 527 esse
1415 487 1623 527 existimes
1645 487 1697 539 ²).
1728 491 1812 540 Qua
1829 496 1993 540 propter
2011 490 2156 528 factum
2171 489 2290 528 etiam

275 566 366 593 esse
395 552 501 593 nihil
528 553 648 593 habet
674 555 831 603 mirum,
859 559 901 593 ut
928 567 952 593 a
979 553 1218 605 quibusdam
1245 553 1380 605 ipsius
1395 553 1565 592 Veneris
1578 554 1666 592 filia
1682 554 1894 592 haberetur
1916 551 1967 604 ¹).
2010 556 2162 592 Morem
2180 553 2288 593 enim

274 624 450 656 veterum
478 617 703 656 fabularum
731 618 861 656 ruisse
889 624 1068 665 constat,
1096 623 1154 664 ut,
1181 629 1280 666 quae
1309 616 1516 654 simillima
1543 617 1649 655 inter
1677 630 1721 656 se
1752 623 1890 655 essent
1918 618 2081 655 deorum
2109 618 2288 665 numina,

274 696 323 722 ea
345 680 579 722 arctissimo
608 681 1000 732 consanguineitatis
1029 680 1189 719 viuculo
1217 680 1505 720 consociareut.
1564 682 1625 719 lta
1639 680 1798 732 Apollo,
1826 681 1884 719 ita
1904 680 2129 719 Mercurius
2155 682 2287 719 Jovem

273 751 429 797 patrem
457 752 697 797 acceperunt
712 760 724 794 3
754 746 825 795 ita,
853 759 904 785 ue
931 745 1077 797 longus
1106 745 1200 793 sim,
1228 743 1380 795 Cupido
1408 744 1495 783 sive
1522 748 1656 793 Amor,
1684 745 1747 783 vis
1770 745 1845 783 illa
1874 744 2049 784 omnium
2072 745 2116 783 in
2145 751 2288 783 natura

274 822 405 849 rerum
435 810 701 861 procreatrix,
729 810 898 849 Veneris
925 810 1023 849 deae
1054 809 1219 848 eandem
1245 809 1484 848 sententiam
1512 810 1703 847 habentis
1730 810 1843 847 filius
1872 811 2003 847 factus
2033 816 2108 848 est.

377 874 426 911 At
454 872 678 923 quaeritur,
707 873 902 923 quomodo
930 872 1021 911 fieri
1048 872 1242 923 potuerit,
1281 877 1324 910 ut
1347 873 1496 910 Veneri
1524 873 1735 912 simillima
1763 874 1918 912 Helena
1944 886 2033 912 cum
2061 874 2226 912 Castore
2250 879 2289 911 et

275 935 459 984 Polluce,
487 937 696 987 Lyciorum
723 938 956 976 numinibus
985 937 1037 976 ad
1063 938 1192 976 lucem
1220 936 1514 988 spectantibus,
1550 951 1596 976 eo
1625 938 1859 977 arctissimo
1889 938 2048 976 foedere
2078 937 2284 976 consocia·

274 1005 400 1047 retur,
426 1005 469 1038 ut
498 1012 615 1040 soror
643 1013 778 1039 eorum
806 1001 850 1039 in
878 1001 1031 1040 fabulis
1058 1001 1186 1042 fieret.
1240 1000 1352 1053 Quod
1376 1013 1425 1039 ne
1443 1001 1534 1050 jure
1565 1001 1706 1040 mirari
1730 1002 1948 1052 videamur,
1976 1014 2025 1040 ne
2050 1001 2182 1053 ipsam
2203 1001 2303 1052 qui-·

273 1064 364 1102 dem
376 1065 570 1102 Venerem
582 1065 788 1113 Uraniam,
803 1078 880 1115 quo
897 1066 1132 1114 cognomine
1148 1065 1434 1115 antiquissimo
1449 1078 1473 1102 a
1487 1066 1647 1114 vulgari
1660 1066 1733 1102 illa
1744 1072 1861 1115 atque
1878 1066 2034 1113 abjecta
2044 1062 2289 1117 (πανδήμῳ)

273 1128 367 1166 inde
402 1141 425 1167 a
451 1128 633 1169 Platonis
670 1135 797 1169 aetate
835 1130 1016 1169 discerni
1052 1136 1194 1182 coepta
1223 1136 1282 1170 est
1321 1127 1387 1180 ⁴),
1424 1128 1727 1168 meminerimus
1772 1136 1928 1180 oportet
1958 1130 2130 1168 Graecos
2169 1129 2284 1167 deam

273 1191 509 1240 indigenam
537 1192 753 1240 habuisse,
782 1192 856 1231 sed
884 1193 933 1231 ab
959 1192 1080 1232 Asiae
1108 1193 1312 1242 gentibus,
1341 1193 1426 1232 sive
1454 1192 1635 1243 Assyriis
1664 1192 1748 1231 sive
1776 1193 2061 1241 Phoenicibus,
2090 1192 2287 1243 antiquis-

275 1255 395 1294 simis
424 1255 674 1306 temporibus
702 1262 902 1294 mutuatos
930 1268 1037 1296 esse.
1098 1258 1241 1295 Testes
1269 1262 1364 1295 sunt
1391 1256 1475 1307 ipsi
1511 1262 1667 1294 veteres
1697 1270 1828 1294 rerum
1863 1258 2099 1308 scriptores.
2162 1257 2287 1294 Hero·

273 1318 391 1359 dotus
425 1316 463 1370 ⁵]
485 1319 592 1358 enim
613 1319 943 1370 antiquissimum
969 1319 1136 1359 Veneris
1151 1320 1321 1358 Uraniae
1339 1320 1527 1371 templum
1552 1321 1765 1367 Ascalone,
1793 1320 2035 1358 Phoenicum
2060 1320 2103 1357 in
2126 1320 2287 1371 oppido,

275 1395 322 1421 se
350 1383 507 1421 vidisse
534 1389 685 1433 narrat,
713 1383 888 1435 indeque
915 1385 1098 1436 profecta
1126 1396 1232 1433 esse,
1261 1397 1361 1435 quae
1388 1385 1433 1423 in
1460 1378 1614 1423 insulis
1643 1385 1772 1435 Cypro
1802 1389 1840 1421 et
1869 1384 2053 1434 Cytheris
2081 1383 2229 1421 Veneri
2258 1395 2281 1420 a

273 1447 438 1486 Graecis
462 1447 607 1487 fierent
628 1460 746 1487 sacra
772 1448 948 1487 omnium
970 1449 1089 1499 longe
1109 1448 1372 1487 celeberrima
1395 1453 1433 1485 et
1458 1447 1735 1486 vetustissima
1762 1444 1806 1490 ⁶).
1851 1448 2000 1485 Contra
2015 1446 2238 1485 Pausanias
2254 1443 2287 1491 ⁷)

273 1513 323 1550 ab
338 1512 520 1563 Assyriis
534 1513 683 1564 primis
707 1513 805 1551 deae
826 1514 973 1552 cultum
994 1513 1215 1551 adhibitum
1234 1525 1324 1552 esse
1346 1513 1483 1560 refert,
1513 1517 1553 1550 et
1574 1512 1623 1549 ab
1642 1511 1697 1550 iis
1719 1511 1788 1561 qui
1818 1511 1956 1562 Cyprii
1979 1511 2106 1562 Paphi
2132 1510 2289 1548 incolae

274 1588 392 1614 sacra
419 1577 518 1615 deae
547 1578 828 1629 accepissent,
855 1577 931 1617 hos
961 1591 1048 1615 cum
1077 1577 1345 1616 Phoenicibus
1372 1577 1610 1615 Ascalonem
1639 1576 1917 1614 habitantibus
1946 1575 2289 1619 communicasse;

274 1644 479 1688 postremo
507 1640 704 1679 Ascalone
733 1639 776 1677 in
803 1640 980 1678 insulam
1010 1639 1182 1691 Cythera
1216 1651 1332 1679 sacra
1359 1640 1456 1679 deae
1483 1646 1708 1679 transvecta
1738 1653 1844 1681 esse.
1905 1639 1984 1677 Sed
2022 1638 2155 1677 euicui
2182 1638 2290 1677 modi

272 1703 349 1739 hoc
378 1708 454 1749 est,
484 1703 665 1753 antiquis
693 1702 760 1741 his
789 1703 1058 1754 scriptoribus
1087 1716 1211 1753 aeque
1246 1715 1485 1754 persuasum
1520 1704 1625 1750 suit,
1652 1716 1720 1752 ac,
1750 1704 1818 1754 qui
1848 1709 1989 1741 nostra
2017 1707 2144 1741 aetate
2182 1708 2291 1749 sunt,

272 1765 375 1803 viris
404 1779 537 1804 rerum
566 1767 829 1816 mythicarum
857 1767 1087 1816 ceteroquin
1115 1768 1240 1804 multo
1270 1768 1547 1817 peritioribus,
1589 1770 1780 1805 Venerem
1824 1769 1927 1804 lianc
1954 1768 2142 1804 Uraniam
2182 1766 2292 1803 haud

273 1826 384 1867 aliud
411 1829 542 1869 fuisse
573 1842 737 1879 numen,
766 1843 882 1881 quam
911 1830 1017 1881 quod
1045 1829 1171 1869 variis
1200 1830 1432 1870 nominibus
1455 1830 1488 1879 ⁸)
1516 1844 1564 1870 ac
1590 1831 1734 1870 formis
1762 1845 1834 1882 per
1857 1843 2013 1869 omnem
2042 1832 2127 1869 fere
2156 1830 2292 1869 Asiam

274 1891 476 1931 coleretur
504 1894 645 1932 eadem
673 1894 869 1948 primaria
896 1894 1060 1933 notione
1098 1906 1146 1932 ac
1182 1894 1495 1944 significatione.
1562 1895 1675 1934 Hauc
1713 1895 1792 1933 etsi
1827 1907 1907 1933 non
1942 1906 2083 1933 omnes
2122 1905 2291 1945 prorsus

274 1955 412 1993 eodem
435 1958 552 1998 modo
572 1958 783 2006 definiunt,
812 1965 961 2006 tamen,
990 1960 1094 2009 quod
1123 1971 1268 1997 causae
1296 1966 1414 2010 caput
1434 1966 1510 2005 est,
1538 1960 1589 1997 ad
1616 1960 1815 1997 coelestes
1844 1964 1882 1996 et
1906 1958 2092 1996 sidereas
2112 1957 2291 1994 rationes

272 2019 520 2069 pertinuisse
549 2034 627 2061 uno
656 2034 855 2061 consensu
883 2022 1090 2061 affirmant
1109 2019 1177 2074 ⁹);
1215 2022 1413 2061 sidereum
1442 2036 1588 2062 numen
1622 2023 1753 2063 fuisse
1770 2052 1781 2071 ‚
1810 2023 1925 2071 cujus
1963 2035 2011 2060 ex
2046 2021 2134 2059 luce
2172 2033 2289 2071 quum

275 2096 416 2124 omnes
449 2086 493 2124 in
524 2093 667 2126 natura
695 2099 763 2126 res
801 2087 959 2126 semina
988 2092 1025 2124 et
1052 2088 1300 2126 incrementa
1327 2094 1542 2139 caperent,
1578 2088 1733 2127 idcirco
1762 2088 1939 2126 omnium
1967 2099 2098 2125 rerum
2126 2093 2289 2124 naturae

271 2148 392 2197 quasi
410 2155 618 2200 parentem
642 2150 821 2189 habitum
847 2162 955 2198 esse,
983 2151 1163 2202 proxime
1191 2157 1320 2189 autem
1339 2151 1391 2190 ad
1408 2152 1558 2190 Lunam
1576 2151 1819 2199 accessisse,
1851 2151 1963 2199 cujus
1979 2150 2041 2188 vis
2058 2155 2097 2187 et
2111 2147 2288 2187 salubris

274 2215 312 2247 et
339 2210 494 2250 infesta
520 2214 568 2251 ab
584 2213 832 2261 homiuibus,
861 2214 931 2263 qui
955 2220 1120 2252 naturae
1141 2215 1262 2253 rebus
1292 2214 1453 2253 divinos
1481 2214 1656 2253 honores
1680 2215 1889 2263 haberent,
1919 2225 2073 2252 summa
2095 2212 2289 2261 religione

275 2274 356 2312 coli
384 2276 536 2314 soleret
561 2275 630 2327 ¹⁰).
687 2279 795 2328 Quae
824 2290 943 2327 quum
970 2277 1028 2315 ita
1056 2278 1152 2326 sint,
1184 2280 1315 2316 Venus
1344 2279 1444 2316 haec
1461 2291 1577 2327 quam
1592 2284 1702 2316 recte
1721 2278 1886 2324 Urania,
1914 2278 1989 2315 hoc
2007 2282 2066 2314 est
2089 2274 2288 2313 Coelestis

272 2339 475 2389 appellata
502 2341 559 2380 sit
586 2347 625 2380 et
653 2342 758 2394 apud
772 2342 986 2381 Homerum
1009 2355 1058 2380 ex
1083 2344 1176 2381 Jove
1206 2348 1247 2381 et
1270 2341 1397 2380 Dione
1422 2348 1516 2381 nata
1542 2340 1800 2393 perhibeatur
1835 2339 1905 2392 ¹¹),
1933 2340 2131 2379 neminem
2166 2337 2286 2387 fugit.

271 2400 399 2448 Hujus
439 2403 565 2451 igitur
600 2405 780 2444 numinis
823 2406 976 2443 siderei
1021 2406 1084 2443 vel
1129 2406 1268 2457 potius
1303 2405 1461 2444 lunaris
1500 2418 1617 2445 sacra
1654 2405 1761 2445 sicut
1794 2410 2033 2443 mercatores
2066 2408 2288 2452 nautaeque

271 2464 495 2505 Phoenices
520 2468 583 2506 vel
603 2469 713 2518 Syrii
735 2471 906 2520 Cyprum
927 2476 965 2508 et
994 2470 1162 2520 Cythera
1189 2471 1385 2509 detulisse
1411 2470 1579 2521 putandi
1607 2477 1714 2517 sunt,
1742 2469 1801 2507 ita
1828 2483 1875 2506 ex
1897 2468 1965 2506 his
1989 2466 2290 2516 antiquissimis

273 2528 468 2579 emporiis
498 2536 537 2570 et
565 2531 740 2571 coloniis
769 2533 859 2572 suis
887 2533 1060 2585 profecti
1088 2546 1208 2585 quum
1235 2547 1308 2587 per
1334 2539 1489 2574 ceteras
1518 2546 1613 2574 oras
1630 2532 1821 2573 Graeciae
1850 2538 1931 2571 tum
1959 2532 2105 2570 Eurota
2125 2528 2291 2569 flumine

356 2650 387 2692 1)
409 2649 504 2685 Hom.
526 2652 565 2685 11.
587 2652 627 2696 II,
650 2654 722 2687 656.
744 2673 785 2678 —-
807 2655 838 2697 2)
861 2654 957 2696 Bam,
981 2654 1023 2688 ad
1044 2655 1164 2710 Herod.
1187 2655 1228 2689 II.
1241 2657 1311 2690 11⁶2.
1333 2676 1374 2682 —
1396 2657 1426 2700 3)
1450 2657 1536 2690 Ptol.
1550 2656 1723 2699 Hephaest.
1741 2655 1824 2687 Nov.
1849 2654 1963 2687 histor.
1975 2653 2000 2686 Ι.
2012 2653 2069 2686 IV.
2082 2653 2103 2685 i.
2114 2652 2290 2686 Westerm.

272 2713 435 2772 {iy‘thogr.
459 2724 533 2757 pag.
557 2717 629 2749 188.
652 2734 694 2740 —
715 2718 746 2760 4)
770 2717 908 2750 Pausan.
931 2718 991 2759 IX,
1014 2719 1063 2755 16,
1086 2719 1116 2750 2.
1139 2719 1239 2752 Prell.
1262 2719 1286 2760 Ι,
1309 2720 1380 2752 214.
1404 2740 1444 2746 —
1466 2721 1497 2762 5)
1521 2720 1638 2752 Herod.
1662 2719 1685 2753 I.
1711 2720 1780 2752 105.
1804 2737 1846 2741 —
1868 2719 1898 2760 6)
1922 2718 2015 2750 Hom.
2039 2717 2079 2749 H.
2104 2716 2148 2749 X.
2170 2711 2208 2747 K
2214 2722 2236 2747 v
2247 2720 2291 2745 π-

271 2772 442 2823 ὲογενῆ
467 2773 758 2823 Κυθέρειαν
785 2771 982 2824 ἆεὶσομαι.
1013 2784 1068 2814 cfr.
1091 2783 1167 2814 Hes.
1191 2784 1315 2825 Theog.
1339 2785 1399 2816 192
1423 2785 1452 2816 ff.
1477 2803 1516 2808 -—
1539 2786 1567 2825 7)
1591 2784 1729 2815 Pausan.
1752 2783 1775 2818 Ι,
1802 2785 1849 2816 14.
1873 2784 1902 2814 6.
1927 2800 1967 2804 ——
1990 2783 2021 2823 8)
2045 2781 2165 2814 Herod.
2184 2780 2292 2815 L131.

272 2834 301 2871 9)
327 2831 476 2864 Creuzer.
499 2831 647 2874 Symbol.
672 2834 712 2875 ΙΙ,
735 2845 811 2878 pag.
835 2836 896 2868 350
919 2845 1011 2878 seqq.
1034 2836 1094 2867 417
1117 2845 1210 2878 seqq.
1233 2837 1293 2868 473
1316 2846 1406 2879 seqq.
1430 2837 1504 2868 coll.
1528 2836 1582 2877 ΙΙΙ,
1606 2837 1722 2878 p.281.
1747 2836 1789 2868 ed
1810 2839 1883 2867 tert.
1906 2834 2057 2867 Movet-s:
2079 2833 2141 2865 Die
2153 2832 2291 2865 Phbniz.

273 2884 296 2917 1.
319 2894 351 2925 p.
375 2885 436 2915 559
458 2894 550 2926 seqq.
573 2887 634 2918 601
657 2897 749 2929 seqq.
772 2888 869 2919 Bfihr.
893 2889 935 2919 ad
957 2889 1076 2919 Herod.
1100 2888 1124 2928 Ι,
1148 2889 1219 2927 105,
1243 2890 1312 2920 131.
1335 2888 1434 2920 Prell.
1457 2888 1480 2928 1,
1504 2889 1574 2920 186.
1597 2907 1639 2911 -
1661 2890 1713 2929 10)
1737 2888 1872 2921 Grimm,
1896 2887 2050 2919 deutsche
2062 2886 2291 2927 Mythol.pag.

273 2936 332 2968 407
356 2935 386 2967 ss.
408 2935 588 2978 Rochholz,
612 2938 859 2982 Naturmythen.
884 2949 925 2964 —'
949 2941 998 2983 11)
1021 2940 1116 2973 Hom.
1138 2940 1177 2973 ΙΙ.
1201 2942 1229 2982 5,
1252 2942 1332 2981 3703
1357 2941 1466 2983 hymn.
1490 2940 1554 2984 Ap.
1585 2942 1634 2974 93.
1672 2941 1728 2974 cfr.
1750 2940 1911 2983 Apollod.
1934 2940 1957 2974 1.
1981 2940 2008 2972 l.
2032 2940 2061 2979 3,
2085 2938 2142 2982 qui
2163 2938 2291 2971 Dionen

274 2989 379 3029 ipsam
400 2988 498 3021 [Tr-ani
520 2990 622 3022 filiam
645 3001 717 3024 esse
742 2993 830 3024 dicit.
854 2993 953 3024 Prell.
975 2993 999 3033 1,
1023 2995 1072 3025 80.
